% A

@article{ajzen1991theory,
  title={The theory of planned behavior},
  author={Ajzen, Icek},
  journal={Organizational behavior and human decision processes},
  volume={50},
  number={2},
  pages={179--211},
  year={1991},
  publisher={Elsevier},
  DOI={10.1016/0749-5978(91)90020-T}
}

@unpublished{albrechtxxxunstacking,
  author  = {Albrecht, Rebecca and Hoffmann, Janina A. and Pleskac, Tim J. and Rieskamp, J{\"o}rg and von Helversen, Bettina},
  title   = {Unstacking Judgments: What Response Distributions Reveal About the Cognitive Process in Multiple-cue Judgments},
  year    = {2019},
  note    = {Manuscript submitted for publication},
}

@inproceedings{alewijnse2007computational,
  title={A computational analysis of Gabon varieties},
  author={Alewijnse, Bart and Nerbonne, John and Van der Veen, Lolke and Manni, Franz},
  booktitle={Proceedings of the RANLP workshop on computational phonology},
  pages={3--12},
  year={2007},
  organization={Recent Advances in Natural Language Phonology conference, Borovetz}
}

@article{allen2008adolescents,
  title={Adolescents, peers, and motor vehicles: the perfect storm?},
  author={Allen, Joseph P and Brown, B Bradford},
  journal={American journal of preventive medicine},
  volume={35},
  number={3},
  pages={S289--S293},
  year={2008},
  publisher={Elsevier},
  DOI={10.1016/j.amepre.2008.06.017}
}

@article{arain2013maturation,
  title={Maturation of the adolescent brain},
  author={Arain, Mariam and Haque, Maliha and Johal, Lina and Mathur, Puja and Nel, Wynand and Rais, Afsha and Sandhu, Ranbir and Sharma, Sushil},
  journal={Neuropsychiatric disease and treatment},
  volume={9},
  pages={449},
  year={2013},
  publisher={Dove Press},
  DOI={10.2147/NDT.S39776}
}

@article{armitage2010test,
  title={Test of a brief theory of planned behaviour-based intervention to promote adolescent safe sex intentions},
  author={Armitage, Christopher J and Talibudeen, Luke},
  journal={British Journal of Psychology},
  volume={101},
  number={1},
  pages={155--172},
  year={2010},
  publisher={Wiley Online Library},
  DOI={10.1348/000712609X431728}
}

@online{artho2012unaufmerksamkeit,
  title={Unaufmerksamkeit und {A}blenkung: Was macht der {M}ensch am {S}teuer?},
  author={Artho, J and Schneider, S and Boss, C},
  year={2012},
  url={https://www.play4safety.ch/sites/default/files/education/unaufmerksamkeit_und_ablenkung.pdf},
  urldate={2019-07-30}
}

@article{asbridge2012cell,
  title={Cell phone use and traffic crash risk: a culpability analysis},
  author={Asbridge, Mark and Brubacher, Jeff R and Chan, Herbert},
  journal={International journal of epidemiology},
  volume={42},
  number={1},
  pages={259--267},
  year={2012},
  publisher={Oxford University Press},
  DOI={10.1093/ije/dys180}
}

@article{ashby1993relations,
  title={Relations between prototype, exemplar, and decision bound models of categorization},
  author={Ashby, F Gregory and Maddox, W Todd},
  journal={Journal of Mathematical Psychology},
  volume={37},
  number={3},
  pages={372--400},
  year={1993},
  publisher={Elsevier},
  DOI={10.1006/jmps.1993.1023}
}

@incollection{ashby2001categorization,
  title={Categorization and similarity models: Neuroscience applications},
  author={Ashby, F Gregory},
  year={2001},
  booktitle={International encyclopedia of the social \& behavioral sciences},
  publisher={Elsevier},
  pages={1535--1538}
}

@incollection{ashby2011covis,
  title={COVIS},
  author={Ashby, F Gregory and Paul, Erick J and Maddox, WT},
  booktitle={Formal approaches in categorization},
  pages={65--88},
  year={2011},
  publisher={Cambridge University Press Cambridge, UK},
  editors={Pothos, Emmanuel M and Wills, Andy J}
}


@book{atkinson2007optimum,
  title={Optimum experimental designs, with SAS},
  author={Atkinson, Anthony and Donev, Alexander and Tobias, Randall},
  volume={34},
  year={2007},
  publisher={Oxford University Press}
}

@article{attneave1950dimensions,
  title={Dimensions of similarity},
  author={Attneave, Fred},
  journal={The American journal of psychology},
  volume={63},
  number={4},
  pages={516--556},
  year={1950},
  publisher={JSTOR}
}

@article{ayton2004hot,
  title={The hot hand fallacy and the gambler’s fallacy: Two faces of subjective randomness?},
  author={Ayton, Peter and Fischer, Ilan},
  journal={Memory \& cognition},
  volume={32},
  number={8},
  pages={1369--1378},
  year={2004},
  DOI={10.3758/BF03206327},
  publisher={Springer}
}

% B

@article{beals1968foundations,
  title={Foundations of multidimensional scaling.},
  author={Beals, Richard and Krantz, David H and Tversky, Amos},
  journal={Psychological review},
  volume={75},
  number={2},
  pages={127--142},
  year={1968},
  DOI={10.1037/h0025470},
  publisher={American Psychological Association}
}

@article{beanland2013there,
  title={Is there a case for driver training? A review of the efficacy of pre-and post-licence driver training},
  author={Beanland, Vanessa and Goode, Natassia and Salmon, Paul M and Lenn{\'e}, Michael G},
  journal={Safety science},
  volume={51},
  number={1},
  pages={127--137},
  year={2013},
  publisher={Elsevier},
  DOI={10.1016/j.ssci.2012.06.021}
}

@article{beck2002teen,
  title={Teen driving risk: The promise of parental influence and public policy},
  author={Beck, Kenneth H and Hartos, Jessica and Simons-Morton, Bruce},
  journal={Health education \& behavior},
  volume={29},
  number={1},
  pages={73--84},
  year={2002},
  publisher={Sage Publications Sage CA: Thousand Oaks, CA},
  DOI={10.1177/109019810202900108}
}

@article{becker1963stochastic,
  title={Stochastic models of choice behavior},
  author={Becker, Gordon M and DeGroot, Morris H and Marschak, Jacob},
  journal={Behavioral science},
  volume={8},
  number={1},
  pages={41--55},
  year={1963},
  publisher={Wiley Online Library},
  DOI={10.1002/bs.3830080106}
}

@article{benjamin2013behavioral,
  title={Who is ‘behavioral’? Cognitive ability and anomalous preferences},
  author={Benjamin, Daniel J and Brown, Sebastian A and Shapiro, Jesse M},
  journal={Journal of the European Economic Association},
  volume={11},
  number={6},
  pages={1231--1255},
  year={2013},
  publisher={Oxford University Press},
  DOI={10.1111/jeea.12055}
}

@article{blavatskyy2010models,
  title={Models of stochastic choice and decision theories: Why both are important for analyzing decisions},
  author={Blavatskyy, Pavlo R and Pogrebna, Ganna},
  journal={Journal of Applied Econometrics},
  volume={25},
  number={6},
  pages={963--986},
  year={2010},
  publisher={Wiley Online Library},m
  DOI={10.1002/jae.1116}
}

@article{braitman2017patterns,
  title={Patterns of distracted driving behaviors among young adult drivers: Exploring relationships with personality variables},
  author={Braitman, Keli A and Braitman, Abby L},
  journal={Transportation research part F: traffic psychology and behaviour},
  volume={46},
  pages={169--176},
  year={2017},
  publisher={Elsevier},
  DOI={10.1016/j.trf.2017.01.015}
}

@incollection{brown2009peer,
  title={Peer relationships in adolescence},
  author={Brown, B Bradford and Larson, James},
  booktitle={Handbook of adolescent psychology},
  editor={Lerner, Richard M and Steinberg, Laurence},
  chapter={3},
  year={2009},
  publisher={John Wiley and Sons}
}

@book{bruner1956study,
  title={A study of thinking.},
  author={Bruner, Jerome S and Goodnow, Jacqueline J and Austin, George A},
  year={1956},
  address={New York},
  publisher={John Wiley and Sons}
}

@article{buckingham2000classifying,
  title={Classifying clinical decision making: interpreting nursing intuition, heuristics and medical diagnosis},
  author={Buckingham, Christopher D and Adams, Ann},
  journal={Journal of Advanced Nursing},
  volume={32},
  number={4},
  pages={990--998},
  year={2000},
  publisher={Wiley Online Library}
}

@article{buckingham2002psychological,
  title={Psychological cue use and implications for a clinical decision support system},
  author={Buckingham, Christopher D},
  journal={Medical Informatics and the Internet in Medicine},
  volume={27},
  number={4},
  pages={237--251},
  year={2002},
  publisher={Taylor \& Francis}
}

@article{buckley2014young,
  title={Young driver distraction: State of the evidence and directions for behavior change programs},
  author={Buckley, Lisa and Chapman, Rebekah L and Sheehan, Mary},
  journal={Journal of Adolescent Health},
  volume={54},
  number={5},
  pages={S16--S21},
  year={2014},
  publisher={Elsevier},
  DOI={10.1016/j.jadohealth.2013.12.021}
}

@article{burks2009cognitive,
  title={Cognitive skills affect economic preferences, strategic behavior, and job attachment},
  author={Burks, Stephen V and Carpenter, Jeffrey P and Goette, Lorenz and Rustichini, Aldo},
  journal={Proceedings of the National Academy of Sciences},
  volume={106},
  number={19},
  pages={7745--7750},
  year={2009},
  publisher={National Acad Sciences},
  DOI={10.1073/pnas.0812360106}
}

@article{burns2004randomness,
  title={Randomness and inductions from streaks:“Gambler’s fallacy” versus” hot hand “},
  author={Burns, Bruce D and Corpus, Bryan},
  journal={Psychonomic Bulletin \& Review},
  volume={11},
  number={1},
  pages={179--184},
  year={2004},
  DOI={10.3758/BF03206480},
  publisher={Springer}
}

@article{busenitz1997differences,
  title={Differences between entrepreneurs and managers in large organizations: Biases and heuristics in strategic decision-making},
  author={Busenitz, Lowell W and Barney, Jay B},
  journal={Journal of business venturing},
  volume={12},
  number={1},
  pages={9--30},
  year={1997},
  DOI={10.1016/S0883-9026(96)00003-1},
  publisher={Elsevier}
}

% C

@incollection{caird2007driver,
  title={Driver distraction},
  author={Caird, Jeff K and Dewar, Robert E},
  booktitle={Human factors in traffic safety},
  pages={195--229},
  year={2007},
  publisher={Lawyers \& Judges Publ},
  editor={Dewar, Robert and Olson Paul}
}

@article{caird2018does,
  title={Does talking on a cell phone, with a passenger, or dialing affect driving performance? An updated systematic review and meta-analysis of experimental studies},
  author={Caird, Jeff K and Simmons, Sarah M and Wiley, Katelyn and Johnston, Kate A and Horrey, William J},
  journal={Human factors},
  volume={60},
  number={1},
  pages={101--133},
  year={2018},
  publisher={Sage Publications Sage CA: Los Angeles, CA},
  DOI={10.1177/0018720817748145}
}

@article{carney2016using,
  title={Using event-triggered naturalistic data to examine the prevalence of teen driver distractions in rear-end crashes},
  author={Carney, Cher and Harland, Karisa K and McGehee, Daniel V},
  journal={Journal of safety research},
  volume={57},
  pages={47--52},
  year={2016},
  publisher={Elsevier},
  DOI={10.1016/j.jsr.2016.03.010}
}

@article{carney2018examining,
  title={Examining teen driver crashes and the prevalence of distraction: Recent trends, 2007--2015},
  author={Carney, Cher and Harland, Karisa K and McGehee, Daniel V},
  journal={Journal of safety research},
  volume={64},
  pages={21--27},
  year={2018},
  publisher={Elsevier},
  DOI={10.1016/j.jsr.2017.12.014}
}

@article{carter2014social,
  title={Social norms and risk perception: Predictors of distracted driving behavior among novice adolescent drivers},
  author={Carter, Patrick M and Bingham, C Raymond and Zakrajsek, Jennifer S and Shope, Jean T and Sayer, Tina B},
  journal={Journal of Adolescent Health},
  volume={54},
  number={5},
  pages={S32--S41},
  year={2014},
  publisher={Elsevier},
  DOI={10.1016/j.jadohealth.2014.01.008}
}

@article{casey2008adolescent,
  title={The adolescent brain},
  author={Casey, BJ and Getz, Sarah and Galvan, Adriana},
  journal={Developmental review},
  volume={28},
  number={1},
  pages={62--77},
  year={2008},
  publisher={Elsevier},
  DOI={ 10.1196/annals.1440.010}
}

@inproceedings{cavagnaro2009better,
  title={Better data with fewer participants and trials: improving experiment efficiency with adaptive design optimization},
  author={Cavagnaro, Daniel and Myung, Jay I and Pitt, Mark A and Tang, Yun},
  booktitle={Proceedings of the Annual Meeting of the Cognitive Science Society},
  volume={31},
  number={31},
  year={2009}
}

@article{chen2000carrying,
  title={Carrying passengers as a risk factor for crashes fatal to 16-and 17-year-old drivers},
  author={Chen, Li-Hui and Baker, Susan P and Braver, Elisa R and Li, Guohua},
  journal={Jama},
  volume={283},
  number={12},
  pages={1578--1582},
  year={2000},
  publisher={American Medical Association},
  DOI={10.1001/jama.283.12.1578}
}

@article{cohen2003extension,
  title={An extension of the exemplar-based random-walk model to separable-dimension stimuli},
  author={Cohen, Andrew L and Nosofsky, Robert M},
  journal={Journal of Mathematical Psychology},
  volume={47},
  number={2},
  pages={150--165},
  year={2003},
  publisher={Elsevier},
  DOI={10.1016/S0022-2496(02)00031-7}
}

@incollection{cohen2005bridging,
  title={Bridging the category divide},
  author={Cohen, Henri and Lefebvre, Claire},
  booktitle={Handbook of categorization in cognitive science},
  pages={2--15},
  year={2005},
  publisher={Elsevier}
}

@article{croskerry2002achieving,
  title={Achieving quality in clinical decision making: cognitive strategies and detection of bias},
  author={Croskerry, Pat},
  journal={Academic Emergency Medicine},
  volume={9},
  number={11},
  pages={1184--1204},
  year={2002},
  DOI={10.1197/aemj.9.11.1184},
  publisher={Wiley Online Library}
}

% D

@article{deck2015effect,
  title={The effect of cognitive load on economic decision making: A survey and new experiments},
  author={Deck, Cary and Jahedi, Salar},
  journal={European Economic Review},
  volume={78},
  pages={97--119},
  year={2015},
  publisher={Elsevier},
  DOI={10.1016/j.euroecorev.2015.05.004}
}

@article{denton2008rule,
  title={Rule-based extrapolation: A continuing challenge for exemplar models},
  author={Denton, Stephen E and Kruschke, John K and Erickson, Michael A},
  journal={Psychonomic bulletin \& review},
  volume={15},
  number={4},
  pages={780--786},
  year={2008},
  publisher={Springer},
  DOI={10.3758/PBR.15.4.780}
}

@book{deza2009encyclopedia,
  title={Encyclopedia of distances},
  author={Deza, Michel Marie and Deza, Elena},
  booktitle={Encyclopedia of distances},
  pages={1--583},
  year={2009},
  place={Berlin Heidelberg},
  publisher={Springer},
  DOI={10.1007/978-3-642-00234-2}
}

@techreport{dingus2006100,
  title={The 100-car naturalistic driving study. Phase 2: results of the 100-car field experiment},
  author={Dingus, Thomas A and Klauer, Sheila G and Neale, Vicki Lewis and Petersen, Andy and Lee, Suzanne E and Sudweeks, Jeremy and Perez, Miguel A and Hankey, Jonathan and Ramsey, David and Gupta, Santosh and others},
  year={2006},
  institution={United States. Department of Transportation. National Highway Traffic Safety Administration}
}

@article{dingus2011estimating,
  title={Estimating crash risk},
  author={Dingus, Thomas A and Hanowski, Richard J and Klauer, Sheila G},
  journal={Ergonomics in Design},
  volume={19},
  number={4},
  pages={8--12},
  year={2011},
  publisher={SAGE Publications Sage CA: Los Angeles, CA},
  DOI={10.1177/1064804611423736}
}

@article{dingus2014estimates,
  title={Estimates of prevalence and risk associated with inattention and distraction based upon in situ naturalistic data},
  author={Dingus, Thomas A},
  journal={Annals of advances in automotive medicine},
  volume={58},
  pages={60--68},
  year={2014},
  publisher={Association for the Advancement of Automotive Medicine},
  note={PMID:24776227}
}

@article{dingus2016driver,
  title={Driver crash risk factors and prevalence evaluation using naturalistic driving data},
  author={Dingus, Thomas A and Guo, Feng and Lee, Suzie and Antin, Jonathan F and Perez, Miguel and Buchanan-King, Mindy and Hankey, Jonathan},
  journal={Proceedings of the National Academy of Sciences},
  volume={113},
  number={10},
  pages={2636--2641},
  year={2016},
  publisher={National Acad Sciences},
  DOI={10.1073/pnas.1513271113}
}

@article{dohmen2010risk,
  title={Are risk aversion and impatience related to cognitive ability?},
  author={Dohmen, Thomas and Falk, Armin and Huffman, David and Sunde, Uwe},
  journal={American Economic Review},
  volume={100},
  number={3},
  pages={1238--1260},
  year={2010},
  DOI={10.1257/aer.100.3.1238}
}

@article{donmez2015associations,
  title={Associations of distraction involvement and age with driver injury severities},
  author={Donmez, Birsen and Liu, Zishu},
  journal={Journal of safety research},
  volume={52},
  pages={23--28},
  year={2015},
  publisher={Elsevier},
  DOI={10.1016/j.jsr.2014.12.001}
}

% E

@incollection{Eddy1982-EDDPRI,
	author = {David M. Eddy},
	publisher = {Cambridge University Press},
	pages = {249--267},
	year = {1982},
	title = {Probabilistic Reasoning in Clinical Medicine: Problems and Opportunities},
	editor = {Daniel Kahneman and Paul Slovic and Amos Tversky},
	booktitle = {Judgment Under Uncertainty: Heuristics and Biases}
}

@article{ehsani2014impact,
  title={The impact of Michigan's text messaging restriction on motor vehicle crashes},
  author={Ehsani, Johnathon P and Bingham, C Raymond and Ionides, Edward and Childers, David},
  journal={Journal of Adolescent Health},
  volume={54},
  number={5},
  pages={S68--S74},
  year={2014},
  publisher={Elsevier},
  DOI={10.1016/j.jadohealth.2014.01.003}
}

@article{einhorn1981behavioral,
  title={Behavioral decision theory: Processes of judgement and choice},
  author={Einhorn, Hillel J and Hogarth, Robin M},
  journal={Annual review of psychology},
  volume={32},
  number={1},
  pages={53--88},
  year={1981},
  DOI={10.1146/annurev.ps.32.020181.000413},
  publisher={Annual Reviews 4139 El Camino Way, PO Box 10139, Palo Alto, CA 94303-0139, USA}
}

@article{elvik2000evaluating,
  title={Evaluating the effectiveness of Norway’s “Speak Out!” road safety campaign: The logic of causal inference in road safety evaluation studies},
  author={Elvik, Rune},
  journal={Transportation Research Record},
  volume={1717},
  number={1},
  pages={66--75},
  year={2000},
  publisher={SAGE Publications Sage CA: Los Angeles, CA},
  DOI={10.3141/1717-09}
}

@article{engstrom2017effects,
  title={Effects of cognitive load on driving performance: The cognitive control hypothesis},
  author={Engstr{\"o}m, Johan and Markkula, Gustav and Victor, Trent and Merat, Natasha},
  journal={Human factors},
  volume={59},
  number={5},
  pages={734--764},
  year={2017},
  publisher={Sage Publications Sage CA: Los Angeles, CA},
  DOI={10.1177/0018720817690639}
}

@article{ennis1988confusable,
  title={Confusable and discriminable stimuli: Comment on {N}osofsky (1986) and {S}hepard (1986).},
  author={Ennis, Daniel M},
  year={1988},
  publisher={American Psychological Association},
  DOI={10.1037/0096-3445.117.4.408}
}

@article{erickson1998rules,
  title={Rules and exemplars in category learning.},
  author={Erickson, Michael A and Kruschke, John K},
  journal={Journal of Experimental Psychology: General},
  volume={127},
  number={2},
  pages={107},
  year={1998},
  publisher={American Psychological Association},
  DOI={10.1037/0096-3445.127.2.107}
}

@article{erickson2002rule,
  title={Rule-based extrapolation in perceptual categorization},
  author={Erickson, Michael A and Kruschke, John K},
  journal={Psychonomic Bulletin \& Review},
  volume={9},
  number={1},
  pages={160--168},
  year={2002},
  publisher={Springer},
  DOI={10.3758/BF03196273}
}

@article{estes1986array,
  title={Array models for category learning},
  author={Estes, William K},
  journal={Cognitive psychology},
  volume={18},
  number={4},
  pages={500--549},
  year={1986},
  DOI={10.1016/0010-0285(86)90008-3},
  publisher={Elsevier}
}

% F

@article{falk2014neural,
  title={Neural responses to exclusion predict susceptibility to social influence},
  author={Falk, Emily B and Cascio, Christopher N and O'Donnell, Matthew Brook and Carp, Joshua and Tinney Jr, Francis J and Bingham, C Raymond and Shope, Jean T and Ouimet, Marie Claude and Pradhan, Anuj K and Simons-Morton, Bruce G},
  journal={Journal of Adolescent Health},
  volume={54},
  number={5},
  pages={S22--S31},
  year={2014},
  publisher={Elsevier},
  DOI={10.1016/j.jadohealth.2013.12.035}
}

@article{farmer2010cell,
  title={Cell phone use while driving and attributable crash risk},
  author={Farmer, Charles M and Braitman, Keli A and Lund, Adrian K},
  journal={Traffic injury prevention},
  volume={11},
  number={5},
  pages={466--470},
  year={2010},
  publisher={Taylor \& Francis},
  DOI={10.1080/15389588.2010.494191}
}

@article{farmer2015secondary,
  title={Secondary behavior of drivers on cell phones},
  author={Farmer, Charles M and Klauer, Sheila G and McClafferty, Julie A and Guo, Feng},
  journal={Traffic injury prevention},
  volume={16},
  number={8},
  pages={801--808},
  year={2015},
  publisher={Taylor \& Francis},
  DOI={10.1080/15389588.2015.1020422}
}

@article{farmer2015relationship,
  title={Relationship of near-crash/crash risk to time spent on a cell phone while driving},
  author={Farmer, Charles M and Klauer, Sheila G and McClafferty, Julie A and Guo, Feng},
  journal={Traffic injury prevention},
  volume={16},
  number={8},
  pages={792--800},
  year={2015},
  publisher={Taylor \& Francis},
  DOI={10.1080/15389588.2015.1019614}
}

@article{feng2018effects,
  title={Effects of Quantity and Size of Buttons of In-Vehicle Touch Screen on Drivers’ Eye Glance Behavior},
  author={Feng, Fred and Liu, Yili and Chen, Yifan},
  journal={International Journal of Human--Computer Interaction},
  volume={34},
  number={12},
  pages={1105--1118},
  year={2018},
  publisher={Taylor \& Francis},
  DOI={10.1080/10447318.2017.1415688}
}

@article{ferguson2003other,
  title={Other high-risk factors for young drivers—how graduated licensing does, doesn't, or could address them},
  author={Ferguson, Susan A},
  journal={Journal of safety research},
  volume={34},
  number={1},
  pages={71--77},
  year={2003},
  publisher={Elsevier},
  note={PMID:12941249}
}

@article{finucane2000affect,
  title={The affect heuristic in judgments of risks and benefits},
  author={Finucane, Melissa L and Alhakami, Ali and Slovic, Paul and Johnson, Stephen M},
  journal={Journal of behavioral decision making},
  volume={13},
  number={1},
  pages={1--17},
  year={2000},
  publisher={Wiley Online Library},
  DOI={10.1002/(SICI)1099-0771(200001/03)13:13.0.CO;2-S}
}

@article{fischbein1997evolution,
  title={The evolution with age of probabilistic, intuitively based misconceptions},
  author={Fischbein, Efraim and Schnarch, Ditza},
  journal={Journal for research in mathematics education},
  pages={96--105},
  year={1997},
  DOI={10.2307/749665},
  publisher={JSTOR}
}

@article{flannagan2019replacement,
  title={Replacement of distractions with other distractions: a propensity-based approach to estimating realistic crash odds ratios for driver engagement in secondary tasks},
  author={Flannagan, Carol and B{\"a}rgman, Jonas and B{\'a}lint, Andr{\'a}s},
  journal={Transportation research part F: traffic psychology and behaviour},
  volume={63},
  pages={186--192},
  year={2019},
  publisher={Elsevier},
  DOI={10.1016/j.trf.2019.04.013}
}

@article{foss2009short,
  title={Short-term effects of a teenage driver cell phone restriction},
  author={Foss, Robert D and Goodwin, Arthur H and McCartt, Anne T and Hellinga, Laurie A},
  journal={Accident Analysis \& Prevention},
  volume={41},
  number={3},
  pages={419--424},
  year={2009},
  publisher={Elsevier},
  DOI={10.1016/j.aap.2009.01.004}
}

@article{foss2014distracted,
  title={Distracted driver behaviors and distracting conditions among adolescent drivers: Findings from a naturalistic driving study},
  author={Foss, Robert D and Goodwin, Arthur H},
  journal={Journal of Adolescent Health},
  volume={54},
  number={5},
  pages={S50--S60},
  year={2014},
  publisher={Elsevier},
  DOI={10.1016/j.jadohealth.2014.01.005}
}

@article{francois2007concentration,
  title={The concentration of fractional distances},
  author={Francois, Damien and Wertz, Vincent and Verleysen, Michel},
  journal={IEEE Transactions on Knowledge and Data Engineering},
  volume={19},
  number={7},
  pages={873--886},
  year={2007},
  DOI={10.1109/TKDE.2007.1037},
  publisher={IEEE}
}

% G

@article{galinsky2001first,
  title={First offers as anchors: the role of perspective-taking and negotiator focus.},
  author={Galinsky, Adam D and Mussweiler, Thomas},
  journal={Journal of personality and social psychology},
  volume={81},
  number={4},
  pages={657--669},
  year={2001},
  DOI={10.1037/0022-3514.81.4.657},
  publisher={American Psychological Association}
}

@article{gardner2005peer,
  title={Peer influence on risk taking, risk preference, and risky decision making in adolescence and adulthood: an experimental study.},
  author={Gardner, Margo and Steinberg, Laurence},
  journal={Developmental psychology},
  volume={41},
  number={4},
  pages={625--635},
  year={2005},
  publisher={American Psychological Association},
  DOI={10.1037/0012-1649.41.4.625}
}

@book{garner1974processing,
  title={The processing of information and structure},
  author={Garner, Wendell R},
  year={1974},
  publisher={Lawrence Erlbaum},
  place={Oxford, England}
}

@article{gaspar2014providing,
  title={Providing views of the driving scene to drivers’ conversation partners mitigates cell-phone-related distraction},
  author={Gaspar, John G and Street, Whitney N and Windsor, Matthew B and Carbonari, Ronald and Kaczmarski, Henry and Kramer, Arthur F and Mathewson, Kyle E},
  journal={Psychological science},
  volume={25},
  number={12},
  pages={2136--2146},
  year={2014},
  publisher={Sage Publications Sage CA: Los Angeles, CA},
  DOI={10.1177/0956797614549774}
}

@article{gershon2017teens,
  title={Teens' distracted driving behavior: Prevalence and predictors},
  author={Gershon, Pnina and Zhu, Chunming and Klauer, Sheila G and Dingus, Tom and Simons-Morton, Bruce},
  journal={Journal of safety research},
  volume={63},
  pages={157--161},
  year={2017},
  publisher={Elsevier},
  DOI={10.1016/j.jsr.2017.10.002}
}

@article{gershon2019distracted,
  title={Distracted driving, visual inattention, and crash risk among teenage drivers},
  author={Gershon, Pnina and Sita, Kellienne R and Zhu, Chunming and Ehsani, Johnathon P and Klauer, Sheila G and Dingus, Tom A and Simons-Morton, Bruce G},
  journal={American journal of preventive medicine},
  volume={56},
  number={4},
  pages={494--500},
  year={2019},
  publisher={Elsevier},
  DOI={10.1016/j.amepre.2018.11.024}
}

@article{giedd2015amazing,
  title={The amazing teen brain},
  author={Giedd, Jay N},
  journal={Scientific American},
  volume={312},
  number={6},
  pages={32--37},
  year={2015},
  publisher={Nature Publishing Group},
  DOI={10.1038/scientificamerican0615-32}
}

@article{gigerenzer1991tools,
  title={From tools to theories: A heuristic of discovery in cognitive psychology.},
  author={Gigerenzer, Gerd},
  journal={Psychological review},
  volume={98},
  number={2},
  pages={254--267},
  year={1991},
  DOI={10.1037/0033-295X.98.2.254},
  publisher={American Psychological Association}
}

@article{gigerenzer1991make,
  title={How to make cognitive illusions disappear: Beyond “heuristics and biases”},
  author={Gigerenzer, Gerd},
  journal={European review of social psychology},
  volume={2},
  number={1},
  pages={83--115},
  year={1991},
  DOI={10.1080/14792779143000033},
  publisher={Taylor \& Francis}
}

@article{gigerenzer1995improve,
  title={How to improve Bayesian reasoning without instruction: frequency formats.},
  author={Gigerenzer, Gerd and Hoffrage, Ulrich},
  journal={Psychological review},
  volume={102},
  number={4},
  pages={684--704},
  year={1995},
  DOI={10.1037/0033-295X.102.4.684},
  publisher={American Psychological Association}
}

@article{gigerenzer1996narrow,
  title={On narrow norms and vague heuristics: A reply to Kahneman and Tversky.},
  author={Gigerenzer, Gerd},
  year={1996},
  volume={103},
  number={3},
  pages={592--596},
  DOI={10.1037/0033-295X.103.3.592},
  publisher={American Psychological Association}
}

@article{gigerenzer1996reasoning,
  title={Reasoning the fast and frugal way: models of bounded rationality.},
  author={Gigerenzer, Gerd and Goldstein, Daniel G},
  journal={Psychological review},
  volume={103},
  number={4},
  pages={650--669},
  year={1996},
  DOI={10.1146/annurev-psych-120709-145346},
  publisher={American Psychological Association}
}

@incollection{gigerenzer1999betting,
  title={Betting on one good reason: The take the best heuristic},
  author={Gigerenzer, Gerd and Goldstein, Daniel G},
  booktitle={Simple heuristics that make us smart},
  pages={75--95},
  year={1999},
  publisher={Oxford University Press},
  editor={Gigerenzer, Gerd and Todd, Peter M and {the ABC Research Group}}
}

@article{gigerenzer2008cognitive,
  title={Cognitive illusions reconsidered},
  author={Gigerenzer, Gerd and Hertwig, Ralph and Hoffrage, Ulrich and Sedlmeier, Peter},
  journal={Handbook of experimental economics results},
  volume={1},
  pages={1018--1034},
  year={2008},
  DOI={10.1016/S1574-0722(07)00109-6},
  publisher={Elsevier}
}

@article{gigerenzer2009homo,
  title={Homo heuristicus: Why biased minds make better inferences},
  author={Gigerenzer, Gerd and Brighton, Henry},
  journal={Topics in cognitive science},
  volume={1},
  number={1},
  pages={107--143},
  year={2009},
  DOI={10.1111/j.1756-8765.2008.01006.x},
  publisher={Wiley Online Library}
}

@article{gigerenzer2011heuristic,
  title={Heuristic decision making},
  author={Gigerenzer, Gerd and Gaissmaier, Wolfgang},
  journal={Annual review of psychology},
  volume={62},
  pages={451--482},
  year={2011},
  DOI={10.1146/annurev-psych-120709-145346},
  publisher={Annual Reviews}
}

@article{gilovich1985hot,
  title={The hot hand in basketball: On the misperception of random sequences},
  author={Gilovich, Thomas and Vallone, Robert and Tversky, Amos},
  journal={Cognitive psychology},
  volume={17},
  number={3},
  pages={295--314},
  year={1985},
  DOI={10.1016/0010-0285(85)90010-6},
  publisher={Elsevier}
}

@book{gilovich2002heuristics,
  title={Heuristics and biases: The psychology of intuitive judgment},
  author={Gilovich, Thomas and Griffin, Dale and Kahneman, Daniel},
  year={2002},
  publisher={Cambridge university press}
}

@inbook{gilovich_savitsky_2002,
  place={Cambridge}, 
  title={Like Goes with Like: The Role of Representativeness in Erroneous and Pseudo-Scientific Beliefs}, 
  booktitle={Heuristics and Biases: The Psychology of Intuitive Judgment},
  publisher={Cambridge University Press}, 
  author={Gilovich, Thomas and Savitsky, Kenneth}, 
  year={2002},
  pages={617–624}
}

@article{gluck2002people,
  title={How do people solve the “weather prediction” task?: Individual variability in strategies for probabilistic category learning},
  author={Gluck, Mark A and Shohamy, Daphna and Myers, Catherine},
  journal={Learning \& Memory},
  volume={9},
  number={6},
  pages={408--418},
  year={2002},
  publisher={Cold Spring Harbor Lab},
  DOI={10.1101/lm.45202}
}

@article{gluth2019importance,
  title={On the importance of power analyses for cognitive modeling},
  author={Gluth, Sebastian and Jarecki, Jana B},
  journal={Computational Brain \& Behavior},
  pages={1--5},
  publisher={Springer},
  DOI={10.1007/s42113-019-00039-w}
}

@article{goldstein2002models,
  title={Models of ecological rationality: the recognition heuristic.},
  author={Goldstein, Daniel G and Gigerenzer, Gerd},
  journal={Psychological review},
  volume={109},
  number={1},
  pages={75--90},
  year={2002},
  publisher={American Psychological Association},
  DOI={10.1037/0033-295X.109.1.75}
}

@article{goldstone2003concepts,
  title={Concepts and categorization},
  author={Goldstone, Robert L and Kersten, Alan},
  journal={Handbook of psychology},
  pages={597--621},
  year={2003},
  publisher={Wiley Online Library}
}

@article{goodwin2012effect,
  title={Effect of North Carolina's restriction on teenage driver cell phone use two years after implementation},
  author={Goodwin, Arthur H and O’Brien, Natalie P and Foss, Robert D},
  journal={Accident Analysis \& Prevention},
  volume={48},
  pages={363--367},
  year={2012},
  publisher={Elsevier},
  DOI={10.1016/j.aap.2012.02.006}
}

@article{graichen2019evaluation,
  title={Evaluation of gesture-based in-vehicle interaction: user experience and the potential to reduce driver distraction},
  author={Graichen, Lisa and Graichen, Matthias and Krems, Josef F},
  journal={Human factors},
  pages={774--792 },
  year={2019},
  publisher={Sage Publications Sage CA: Los Angeles, CA},
  DOI={10.1177/0018720818824253}
}

@article{gras2007mobile,
  title={Mobile phone use while driving in a sample of Spanish university workers},
  author={Gras, M Eugenia and Cunill, Monica and Sullman, Mark JM and Planes, Montserrat and Aymerich, Maria and Font-Mayolas, Silvia},
  journal={Accident Analysis \& Prevention},
  volume={39},
  number={2},
  pages={347--355},
  year={2007},
  publisher={Elsevier},
  DOI={10.1016/j.aap.2006.08.006}
}

@article{greenberg2003driver,
  title={Driver distraction: Evaluation with event detection paradigm},
  author={Greenberg, Jeff and Tijerina, Louis and Curry, Reates and Artz, Bruce and Cathey, Larry and Kochhar, Dev and Kozak, Ksenia and Blommer, Mike and Grant, Peter},
  journal={Transportation Research Record},
  volume={1843},
  number={1},
  pages={1--9},
  year={2003},
  publisher={SAGE Publications Sage CA: Los Angeles, CA},
  DOI={10.3141/1843-01}
}

@article{grune2016nudge,
  title={Nudge versus boost: How coherent are policy and theory?},
  author={Gr{\"u}ne-Yanoff, Till and Hertwig, Ralph},
  journal={Minds and Machines},
  volume={26},
  number={1-2},
  pages={149--183},
  year={2016},
  DOI={10.1007/s11023-015-9367-9},
  publisher={Springer}
}

@article{guo2017effects,
  title={The effects of age on crash risk associated with driver distraction},
  author={Guo, Feng and Klauer, Sheila G and Fang, Youjia and Hankey, Jonathan M and Antin, Jonathan F and Perez, Miguel A and Lee, Suzanne E and Dingus, Thomas A},
  journal={International journal of epidemiology},
  volume={46},
  number={1},
  pages={258--265},
  year={2017},
  publisher={Oxford University Press},
  DOI={10.1093/ije/dyw234}
}

% H

@article{handel1972free,
  title={The free classification of analyzable and unanalyzable stimuli.},
  author={Handel, Stephen and Imai, Shiro},
  journal={Perception \& Psychophysics},
  year={1972},
  pages={108--116},
  publisher={Psychonomic Society}
}

@book{hardy1988inequalities,
  title={Inequalities},
  author={Hardy, Godfrey Harold and Littlewood, John Edensor and P{\'o}lya, George},
  year={1988},
  publisher={Cambridge university press}
}

@article{heck2008passenger,
  title={Passenger distractions among adolescent drivers},
  author={Heck, Katherine E and Carlos, Ramona M},
  journal={Journal of safety research},
  volume={39},
  number={4},
  pages={437--443},
  year={2008},
  publisher={Elsevier},
  DOI={10.1016/j.jsr.2008.03.003}
}

@phdthesis{heeringa2004measuring,
  title={Measuring dialect pronunciation differences using {L}evenshtein distance},
  author={Heeringa, Wilbert Jan},
  year={2004},
  school={Citeseer}
}

@article{hertwig1999conjunction,
  title={The ‘conjunction fallacy’ revisited: How intelligent inferences look like reasoning errors},
  author={Hertwig, Ralph and Gigerenzer, Gerd},
  journal={Journal of behavioral decision making},
  volume={12},
  number={4},
  pages={275--305},
  year={1999},
  DOI={10.1002/(SICI)1099-0771(199912)12:4<3C275::AID-BDM323>3E3.0.CO;2-M},
  publisher={Wiley Online Library}
}

@article{hertwig2017nudging,
  title={Nudging and boosting: Steering or empowering good decisions},
  author={Hertwig, Ralph and Gr{\"u}ne-Yanoff, Till},
  journal={Perspectives on Psychological Science},
  volume={12},
  number={6},
  pages={973--986},
  year={2017},
  DOI={10.1177/1745691617702496},
  publisher={Sage Publications Sage CA: Los Angeles, CA}
}

@article{hoffrage1998using,
  title={Using natural frequencies to improve diagnostic inferences},
  author={Hoffrage, Ulrich and Gigerenzer, Gerd},
  journal={Academic medicine},
  volume={73},
  number={5},
  pages={538--540},
  DOI={10.1097/00001888-199805000-00024},
  year={1998}
}

@article{hoffrage2002representation,
  title={Representation facilitates reasoning: What natural frequencies are and what they are not},
  author={Hoffrage, Ulrich and Gigerenzer, Gerd and Krauss, Stefan and Martignon, Laura},
  journal={Cognition},
  volume={84},
  number={3},
  pages={343--352},
  year={2002},
  DOI={10.1016/S0010-0277(02)00050-1},
  publisher={Elsevier}
}

@article{holm1979simple,
  title={A simple sequentially rejective multiple test procedure},
  author={Holm, Sture},
  journal={Scandinavian journal of statistics},
  pages={65--70},
  year={1979},
  publisher={JSTOR},
  DOI={10.2307/4615733}
}

@article{homa1981limitations,
  title={Limitations of exemplar-based generalization and the abstraction of categorical information.},
  author={Homa, Donald and Sterling, Sharon and Trepel, Lawrence},
  journal={Journal of Experimental Psychology: Human Learning and Memory},
  volume={7},
  number={6},
  pages={418},
  year={1981},
  publisher={American Psychological Association}
}

@article{horrey2008assessing,
  title={Assessing the awareness of performance decrements in distracted drivers},
  author={Horrey, William J and Lesch, Mary F and Garabet, Angela},
  journal={Accident Analysis \& Prevention},
  volume={40},
  number={2},
  pages={675--682},
  year={2008},
  publisher={Elsevier},
  DOI={10.1016/j.aap.2007.09.004}
}

@article{houtzagers2010quantitative,
  title={Quantitative and traditional classifications of Bulgarian dialects compared},
  author={Houtzagers, Peter and Nerbonne, John and Proki{\'c}, Jelena},
  journal={Scando-Slavica},
  volume={56},
  number={2},
  pages={163--188},
  year={2010},
  publisher={Taylor \& Francis}
}

@article{huisingh2015prevalence,
  title={The prevalence of distraction among passenger vehicle drivers: a roadside observational approach},
  author={Huisingh, Carrie and Griffin, Russell and McGwin Jr, Gerald},
  journal={Traffic injury prevention},
  volume={16},
  number={2},
  pages={140--146},
  year={2015},
  publisher={Taylor \& Francis},
  DOI={10.1080/15389588.2014.916797}
}

@article{hyman1967judgments,
  title={Judgments of similarity and spatial models},
  author={Hyman, Ray and Well, Arnold},
  journal={Perception \& Psychophysics},
  volume={2},
  number={6},
  pages={233--248},
  year={1967},
  publisher={Springer}
}

% I

% J

@article{jakel2008similarity,
  title={Similarity, kernels, and the triangle inequality},
  author={J{\"a}kel, Frank and Sch{\"o}lkopf, Bernhard and Wichmann, Felix A},
  journal={Journal of Mathematical Psychology},
  volume={52},
  number={5},
  pages={297--303},
  year={2008},
  DOI={10.1016/j.jmp.2008.03.001},
  publisher={Elsevier}
}

@inproceedings{jarecki2013assumption,
  title={The assumption of class-conditional independence in category learning},
  author={Jarecki, Jana and Meder, Bjorn and Nelson, Jonathan D},
  booktitle={Proceedings of the Annual Meeting of the Cognitive Science Society},
  volume={35},
  number={35},
  year={2013}
}

@article{jarecki2018naive,
  title={Na{\"\i}ve and Robust: Class-Conditional Independence in Human Classification Learning},
  author={Jarecki, Jana B and Meder, Bj{\"o}rn and Nelson, Jonathan D},
  journal={Cognitive science},
  volume={42},
  number={1},
  pages={4--42},
  year={2018},
  publisher={Wiley Online Library}
}

@article{jemmott2010effectiveness,
  title={Effectiveness of an HIV/STD risk-reduction intervention for adolescents when implemented by community-based organizations: a cluster-randomized controlled trial},
  author={Jemmott III, John B and Jemmott, Loretta S and Fong, Geoffrey T and Morales, Knashawn H},
  journal={American Journal of Public Health},
  volume={100},
  number={4},
  pages={720--726},
  year={2010},
  publisher={American Public Health Association},
  DOI={10.2105/AJPH.2008.140657}
}

@article{johansen2002there,
  title={Are there representational shifts during category learning?},
  author={Johansen, Mark K and Palmeri, Thomas J},
  journal={Cognitive psychology},
  volume={45},
  number={4},
  pages={482--553},
  year={2002},
  publisher={Elsevier},
  DOI={10.1016/S0010-0285(02)00505-4}
}

@article{johnson2009adolescent,
  title={Adolescent maturity and the brain: the promise and pitfalls of neuroscience research in adolescent health policy},
  author={Johnson, Sara B and Blum, Robert W and Giedd, Jay N},
  journal={Journal of Adolescent Health},
  volume={45},
  number={3},
  pages={216--221},
  year={2009},
  publisher={Elsevier},
  DOI={10.1016/j.jadohealth.2009.05.016}
}

@article{jonah1986accident,
  title={Accident risk and risk-taking behaviour among young drivers},
  author={Jonah, Brian A},
  journal={Accident Analysis \& Prevention},
  volume={18},
  number={4},
  pages={255--271},
  year={1986},
  publisher={Elsevier},
  DOI={10.1016/0001-4575(86)90041-2}
}

@article{jonah2001sensation,
  title={Sensation seeking, risky driving and behavioral adaptation},
  author={Jonah, Brian A and Thiessen, Rachel and Au-Yeung, Elaine},
  journal={Accident Analysis \& Prevention},
  volume={33},
  number={5},
  pages={679--684},
  year={2001},
  publisher={Elsevier},
  DOI={10.1016/S0001-4575(00)00085-3}
}

@article{juslin2002probabilities,
  title={PROBabilities from EXemplars (PROBEX): A “lazy” algorithm for probabilistic inference from generic knowledge},
  author={Juslin, Peter and Persson, Magnus},
  journal={Cognitive science},
  volume={26},
  number={5},
  pages={563--607},
  year={2002},
  DOI={10.1016/S0364-0213(02)00083-6},
  publisher={Wiley Online Library}
}

@article{juslin2003cue,
  title={Cue abstraction and exemplar memory in categorization.},
  author={Juslin, Peter and Jones, Sari and Olsson, Henrik and Winman, Anders},
  journal={Journal of Experimental Psychology: Learning, Memory, and Cognition},
  volume={29},
  number={5},
  pages={924--941},
  year={2003},
  publisher={American Psychological Association},
  DOI={10.1037/0278-7393.29.5.924}
}

% K

@incollection{kahneman1972subjective,
  title={Subjective probability: A judgment of representativeness},
  author={Kahneman, Daniel and Tversky, Amos},
  booktitle={The concept of probability in psychological experiments},
  pages={25--48},
  year={1972},
  publisher={Springer}
}

@article{kahneman1973psychology,
  title={On the psychology of prediction.},
  author={Kahneman, Daniel and Tversky, Amos},
  journal={Psychological review},
  volume={80},
  number={4},
  pages={237--251},
  year={1973},
  DOI={10.1037/h0034747},
  publisher={American Psychological Association}
}

@article{kahneman2003perspective,
  title={A perspective on judgment and choice: mapping bounded rationality.},
  author={Kahneman, Daniel},
  journal={American psychologist},
  volume={58},
  number={9},
  pages={697--720},
  year={2003},
  DOI={10.1037/0003-066X.58.9.697},
  publisher={American Psychological Association}
}

@article{kahneman2003maps,
  title={Maps of bounded rationality: Psychology for behavioral economics},
  author={Kahneman, Daniel},
  journal={American economic review},
  volume={93},
  number={5},
  pages={1449--1475},
  DOI={10.1257/000282803322655392},
  year={2003}
}

@incollection{kahneman2005model,
  title={A model of heuristic judgment},
  author={Kahneman, Daniel and Frederick, Shane},
  booktitle={The Cambridge handbook of thinking and reasoning},
  pages={267--293},
  year={2005},
  publisher={Cambridge University Press}
}

@article{ker2005post,
  title={Post-licence driver education for the prevention of road traffic crashes: a systematic review of randomised controlled trials},
  author={Ker, Katharine and Roberts, Ian and Collier, Timothy and Beyer, Fiona and Bunn, Frances and Frost, Chris},
  journal={Accident Analysis \& Prevention},
  volume={37},
  number={2},
  pages={305--313},
  year={2005},
  publisher={Elsevier},
  DOI={10.1002/14651858}
}

@article{king2008teaching,
  title={Teaching adolescents safe driving and passenger behaviors: Effectiveness of the You Hold the Key Teen Driving Countermeasure},
  author={King, Keith A and Vidourek, Rebecca A and Love, Jaime and Wegley, Stacey and Alles-White, Monica},
  journal={Journal of safety research},
  volume={39},
  number={1},
  pages={19--24},
  year={2008},
  publisher={Elsevier},
  DOI={10.1016/j.jsr.2007.10.006}
}

@online{klauer2006impact,
  title={The impact of driver inattention on near-crash/crash risk: An analysis using the 100-car naturalistic driving study data},
  author={Klauer, Sheila G and Dingus, Thomas A and Neale, Vicki L and Sudweeks, Jeremy D and Ramsey, David J and others},
  year={2006},
  publisher={United States. National Highway Traffic Safety Administration},
  url={https://vtechworks.lib.vt.edu/handle/10919/55090},
  urldate={2019-07-30}
}

@article{klauer2014distracted,
  title={Distracted driving and risk of road crashes among novice and experienced drivers},
  author={Klauer, Sheila G and Guo, Feng and Simons-Morton, Bruce G and Ouimet, Marie Claude and Lee, Suzanne E and Dingus, Thomas A},
  journal={New England journal of medicine},
  volume={370},
  number={1},
  pages={54--59},
  year={2014},
  publisher={Mass Medical Soc},
  DOI={10.1056/NEJMsa1204142}
}

@article{koning2011long,
  title={Long-term effects of a parent and student intervention on alcohol use in adolescents: a cluster randomized controlled trial},
  author={Koning, Ina M and Van den Eijnden, Regina J and Verdurmen, Jacqueline E and Engels, Rutger C and Vollebergh, Wilma A},
  journal={American journal of preventive medicine},
  volume={40},
  number={5},
  pages={541--547},
  year={2011},
  publisher={Elsevier},
  DOI={10.1016/j.amepre.2010.12.030}
}

@article{konrad2013brain,
  title={Brain development during adolescence: neuroscientific insights into this developmental period},
  author={Konrad, Kerstin and Firk, Christine and Uhlhaas, Peter J},
  journal={Deutsches {\"A}rzteblatt International},
  volume={110},
  number={25},
  pages={425--431},
  year={2013},
  publisher={Deutscher Arzte-Verlag GmbH},
  DOI={10.3238/arztebl.2013.0425}
}

@article{korobkin2004heuristics,
  title={Heuristics and biases at the bargaining table},
  author={Korobkin, Russell B and Guthrie, Chris},
  year={2004},
  volume={87},
  journal={Marquette Law Review},
  DOI={10.2139/ssrn.513142},
  pages={795--808}
}

@article{krause2014expyriment,
  title={Expyriment: A Python library for cognitive and neuroscientific experiments},
  author={Krause, Florian and Lindemann, Oliver},
  journal={Behavior Research Methods},
  volume={46},
  number={2},
  pages={416--428},
  year={2014},
  publisher={Springer},
  DOI={10.3758/s13428-013-0390-6}
}

@book{kress1989linear,
  title={Linear integral equations},
  author={Kress, Rainer},
  volume={82},
  year={1989},
  publisher={Springer}
}

@article{kruschke2008models,
  title={Models of categorization},
  author={Kruschke, John K},
  journal={The Cambridge handbook of computational psychology},
  pages={267--301},
  year={2008}
}

@article{kruskal1983overview,
  title={An overview of sequence comparison: Time warps, string edits, and macromolecules},
  author={Kruskal, Joseph B},
  journal={SIAM review},
  volume={25},
  number={2},
  pages={201--237},
  year={1983},
  publisher={SIAM}
}

% L

@book{lakoff1987women,
  title={Women, fire, and dangerous things},
  author={Lakoff, George},
  year={1987},
  publisher={University of Chicago press}
}

@article{lam2002distractions,
  title={Distractions and the risk of car crash injury: The effect of drivers' age},
  author={Lam, Lawrence T},
  journal={Journal of safety research},
  volume={33},
  number={3},
  pages={411--419},
  year={2002},
  publisher={Elsevier},
  DOI={10.1016/S0022-4375(02)00034-8}
}

@article{lamberts1995categorization,
  title={Categorization under time pressure.},
  author={Lamberts, Koen},
  journal={Journal of Experimental Psychology: General},
  volume={124},
  number={2},
  pages={161--180},
  year={1995},
  publisher={American Psychological Association},
  DOI={10.1037/0096-3445.124.2.161}
}

@article{lamberts1997fast,
  title={Fast categorization of stimuli with multivalued dimensions},
  author={Lamberts, Koen and Brockdorff, Noellie},
  journal={Memory \& cognition},
  volume={25},
  number={3},
  pages={296--304},
  year={1997},
  publisher={Springer},
  DOI={10.3758/BF03211285}
}

@article{lamberts1998time,
  title={The time course of categorization.},
  author={Lamberts, Koen},
  journal={Journal of Experimental Psychology: Learning, Memory, and Cognition},
  volume={24},
  number={3},
  pages={695--711},
  year={1998},
  publisher={American Psychological Association},
  DOI={10.1037/0278-7393.24.3.695}
}

@article{lamberts1999building,
  title={Building object representations from parts: Tests of a stochastic sampling model.},
  author={Lamberts, Koen and Freeman, Richard PJ},
  journal={Journal of Experimental Psychology: Human Perception and Performance},
  volume={25},
  number={4},
  pages={904--926},
  year={1999},
  publisher={American Psychological Association},
  DOI={10.1037/0096-1523.25.4.904}
}

@article{lamberts1999categorization,
  title={Categorization of briefly presented objects},
  author={Lamberts, Koen and Freeman, Richard PJ},
  journal={Psychological Research},
  volume={62},
  number={2-3},
  pages={107--117},
  year={1999},
  publisher={Springer},
  DOI={10.1007/s004260050045}
}

@article{lamberts2000information,
  title={Information-accumulation theory of speeded categorization.},
  author={Lamberts, Koen},
  journal={Psychological review},
  volume={107},
  number={2},
  pages={227--260},
  year={2000},
  publisher={American Psychological Association},
  DOI={10.3758/BF03206876}
}

@article{lamberts2002feature,
  title={Feature sampling in categorization and recognition of objects},
  author={Lamberts, Koen},
  journal={The Quarterly Journal of Experimental Psychology Section A},
  volume={55},
  number={1},
  pages={141--154},
  year={2002},
  publisher={SAGE Publications Sage UK: London, England},
  DOI={10.1080/02724980143000208}
}

@article{lee2007technology,
  title={Technology and teen drivers},
  author={Lee, John D},
  journal={Journal of safety research},
  volume={38},
  number={2},
  pages={203--213},
  year={2007},
  publisher={Elsevier},
  DOI={10.1016/j.jsr.2007.02.008}
}

@article{lennon2010social,
  title={SOCIAL MARKETING AND DISTRACTED DRIVING BEHAVIORS AMONG YOUNG ADULTS: THE EFFECTIVENESS OF FEAR APPEALS.},
  author={Lennon, Ron and Rentfro, Randall and O'Leary, Bay},
  journal={Academy of Marketing Studies Journal},
  volume={14},
  number={2},
  year={2010},
  pages={95--113}
}

@techreport{lerner2005road,
  title={On-road study of willingness to engage in distracting tasks},
  author={Lerner, Neil and Boyd, Shelley},
  year={2005},
  url={http://www.nhtsa.gov/DOT/NHTSA/NRD/Multimedia/PDFs/Human\%20Factors/Reducing\%20Unsafe\%20behaviors/DOT\%20HS\%20809\%20863.pdf},
  urldate={2019-07-30}
}

@inproceedings{levenshtein1966binary,
  title={Binary codes capable of correcting deletions, insertions, and reversals},
  author={Levenshtein, Vladimir I},
  booktitle={Soviet physics doklady},
  volume={10},
  number={8},
  pages={707--710},
  year={1966}
}

@article{lim2013cell,
  title={Are cell phone laws in the US effective in reducing fatal crashes involving young drivers?},
  author={Lim, Siew Hoon and Chi, Junwook},
  journal={Transport policy},
  volume={27},
  pages={158--163},
  year={2013},
  publisher={Elsevier},
  DOI={10.1016/j.tranpol.2013.01.011}
}

@article{locksley1982social,
  title={Social stereotypes and judgments of individuals: An instance of the base-rate fallacy},
  author={Locksley, Anne and Hepburn, Christine and Ortiz, Vilma},
  journal={Journal of experimental social psychology},
  volume={18},
  number={1},
  pages={23--42},
  year={1982},
  DOI={10.1016/0022-1031(82)90079-8},
  publisher={Elsevier}
}

@article{luce1959individual,
  title={Individual choice behavior: A theoretical analysis.},
  author={Luce, R Duncan},
  year={1959},
  publisher={John Wiley}
}

@incollection{luce1963detection,
  title={Detection and recognition},
  author={Luce, R Duncan},
  booktitle={Handbook of mathematical psychology},
  year={1963},
  editor={Luce, R Duncan and Bush, Robert R and Galanter, Eugene},
  place={New York: Wiley},
  pages={103--189}
}

% M

@article{ma2018distractions,
  title={Distractions intervention strategies for in-vehicle secondary tasks: An on-road test assessment of driving task demand based on real-time traffic environment},
  author={Ma, Yanli and Hu, Baoyu and Chan, Ching-Yao and Qi, Shouming and Fan, Luyang},
  journal={Transportation Research Part D: Transport and Environment},
  volume={63},
  pages={747--754},
  year={2018},
  publisher={Elsevier},
  DOI={10.1016/j.trd.2018.07.005}
}

@article{mayhew2003changes,
  title={Changes in collision rates among novice drivers during the first months of driving},
  author={Mayhew, Daniel R and Simpson, Herbert M and Pak, Anita},
  journal={Accident Analysis \& Prevention},
  volume={35},
  number={5},
  pages={683--691},
  year={2003},
  publisher={Elsevier},
  DOI={10.1016/S0001-4575(02)00047-7}
}

@article{mayhew2007driver,
  title={Driver education and graduated licensing in North America: Past, present, and future},
  author={Mayhew, Daniel R},
  journal={Journal of safety research},
  volume={38},
  number={2},
  pages={229--235},
  year={2007},
  publisher={Elsevier},
  DOI={10.1016/j.jsr.2007.03.001}
}

@article{mccartt2003driving,
  title={Driving experience, crashes and traffic citations of teenage beginning drivers},
  author={McCartt, Anne T and Shabanova, Veronika I and Leaf, William A},
  journal={Accident Analysis \& Prevention},
  volume={35},
  number={3},
  pages={311--320},
  year={2003},
  publisher={Elsevier},
  DOI={10.1016/S0001-4575(02)00006-4}
}

@article{mccartt2014driver,
  title={Driver cellphone and texting bans in the United States: evidence of effectiveness},
  author={McCartt, Anne T and Kidd, David G and Teoh, Eric R},
  journal={Annals of Advances in Automotive Medicine},
  volume={58},
  pages={99},
  year={2014},
  publisher={Association for the Advancement of Automotive Medicine},
  note={PMID:24776230}
}

@article{mccartt2015tracking,
  title={Tracking progress in teenage driver crash risk in the United States since the advent of graduated driver licensing programs},
  author={McCartt, Anne T and Teoh, Eric R},
  journal={Journal of safety research},
  volume={53},
  pages={1--9},
  year={2015},
  publisher={Elsevier},
  DOI={10.1016/j.jsr.2015.01.001}
}

@article{mcdonald2015teen,
  title={Teen drivers’ perceptions of inattention and cell phone use while driving},
  author={McDonald, Catherine C and Sommers, Marilyn S},
  journal={Traffic injury prevention},
  volume={16},
  number={sup2},
  pages={S52--S58},
  year={2015},
  publisher={Taylor \& Francis},
  DOI={10.1080/15389588.2015.1062886}
}

@article{mcevoy2005role,
  title={Role of mobile phones in motor vehicle crashes resulting in hospital attendance: a case-crossover study},
  author={McEvoy, Suzanne P and Stevenson, Mark R and McCartt, Anne T and Woodward, Mark and Haworth, Claire and Palamara, Peter and Cercarelli, Rina},
  journal={Bmj},
  volume={331},
  number={7514},
  pages={428--430},
  year={2005},
  publisher={British Medical Journal Publishing Group},
  DOI={10.1136/bmj.38537.397512.55}
}

@article{mckinley1995investigations,
  title={Investigations of exemplar and decision bound models in large, ill-defined category structures.},
  author={McKinley, Stephen C and Nosofsky, Robert M},
  journal={Journal of Experimental Psychology: Human Perception and Performance},
  volume={21},
  number={1},
  pages={128--148},
  year={1995},
  publisher={American Psychological Association},
  DOI={10.1037/0096-1523.21.1.128}
}

@article{medin1978context,
  title={Context theory of classification learning.},
  author={Medin, Douglas L and Schaffer, Marguerite M},
  journal={Psychological review},
  volume={85},
  number={3},
  pages={207},
  year={1978},
  publisher={American Psychological Association}
}

@article{meeter2006strategies,
  author = {Meeter, Martijn and Myers, Catherine E and Shohamy, Daphna and Hopkins, Ramona O and Gluck, Mark A},
  year = {2006},
  pages = {230--239},
  title = {Strategies in probabilistic categorization: Results from a new way of analyzing performance},
  volume = {13},
  journal = {Learning & memory (Cold Spring Harbor, N.Y.)},
  DOI = {10.1101/lm.43006}
}
@article{meeter2008probabilistic,
  title={Probabilistic categorization: how do normal participants and amnesic patients do it?},
  author={Meeter, Martijn and Radics, G and Myers, Catherine E and Gluck, Mark A and Hopkins, Ramona O},
  journal={Neuroscience \& Biobehavioral Reviews},
  volume={32},
  number={2},
  pages={237--248},
  year={2008},
  publisher={Elsevier},
  DOI={10.1016/j.neubiorev.2007.11.001}
}

@article{melara1992optional,
  title={Optional processes in similarity judgments},
  author={Melara, Robert D and Marks, Lawrence E and Lesko, Kathryn E},
  journal={Perception \& Psychophysics},
  volume={51},
  number={2},
  pages={123--133},
  year={1992},
  publisher={Springer}
}

@article{minda2002comparing,
  title={Comparing prototype-based and exemplar-based accounts of category learning and attentional allocation.},
  author={Minda, John Paul and Smith, J David},
  journal={Journal of Experimental Psychology: Learning, Memory, and Cognition},
  volume={28},
  number={2},
  pages={275--292},
  year={2002},
  DOI={10.1037/0278-7393.28.2.275},
  publisher={US: American Psychological Association}
}

@book{minkowski1910geometrie,
  title={Geometrie der zahlen},
  author={Minkowski, Hermann},
  volume={40},
  year={1910},
  publisher={Рипол Классик}
}

@incollection{myung2004model,
  title={Model comparison methods},
  author={Myung, Jay I and Pitt, Mark A},
  booktitle={Methods in Enzymology},
  volume={383},
  pages={351--366},
  year={2004},
  publisher={Elsevier}
}

@inproceedings{myung2009bayesian,
  title={Bayesian adaptive optimal design of psychology experiments},
  author={Myung, J and Pitt, M and Tang, Yun and Cavagnaro, Daniel R},
  booktitle={Proceedings of the 2nd International Workshop in Sequential Methodologies (IWSM2009)},
  pages={1--6},
  year={2009},
  organization={Citeseer}
}

@article{myung2009optimal,
  title={Optimal experimental design for model discrimination.},
  author={Myung, Jay I and Pitt, Mark A},
  journal={Psychological review},
  volume={116},
  number={3},
  pages={499--518},
  year={2009},
  DOI={10.1037/a0016104},
  publisher={American Psychological Association}
}

@article{myung2013tutorial,
  title={A tutorial on adaptive design optimization},
  author={Myung, Jay I and Cavagnaro, Daniel R and Pitt, Mark A},
  journal={Journal of mathematical psychology},
  volume={57},
  number={3-4},
  pages={53--67},
  year={2013},
  publisher={Elsevier}
}

% N

@article{navarro2003global,
  title={Global model analysis by landscaping},
  author={Navarro, D and Myung, J and Pitt, M and Woojae, K},
  year={2003},
  publisher={Routledge}
}

@article{nelson2005finding,
  title={Finding useful questions: on Bayesian diagnosticity, probability, impact, and information gain.},
  author={Nelson, Jonathan D},
  journal={Psychological review},
  volume={112},
  number={4},
  pages={979},
  year={2005},
  publisher={American Psychological Association}
}

@article{nerbonne2005dialektklassifikation,
  title={Dialektklassifikation auf der Grundlage aggregierter {A}usspracheunterschiede},
  author={Nerbonne, John and Siedle, Christine},
  journal={Zeitschrift f{\"u}r Dialektologie und Linguistik},
  pages={129--147},
  year={2005},
  publisher={JSTOR}
}

@article{nerbonne2013much,
  title={How much does geography influence language variation},
  author={Nerbonne, John},
  journal={Space in language and linguistics: Geographical, interactional, and cognitive perspectives},
  volume={220},
  pages={222--239},
  year={2013},
  publisher={Mouton de Gruyter Berlin}
}

@article{neyens2008influence,
  title={The influence of driver distraction on the severity of injuries sustained by teenage drivers and their passengers},
  author={Neyens, David M and Boyle, Linda Ng},
  journal={Accident Analysis \& Prevention},
  volume={40},
  number={1},
  pages={254--259},
  year={2008},
  publisher={Elsevier},
  DOI={10.1016/j.aap.2007.06.005}
}

@article{nilsson2003prototypes,
  title={From prototypes to exemplars: Representational shifts in a probability judgment task},
  author={Nilsson, Hakan and Juslin, Peter and Olsson, Henrik},
  journal={Proceedings of the Annual Meeting of the Cognitive Science Society},
  volume={25},
  number={25},
  pages={868--873},
  year={2003}
}

@article{nilsson2005cognitive,
  title={The cognitive substrate of subjective probability.},
  author={Nilsson, H{\aa}kan and Olsson, Henrik and Juslin, Peter},
  journal={Journal of Experimental Psychology: Learning, Memory, and Cognition},
  volume={31},
  number={4},
  pages={600--620},
  year={2005},
  DOI={10.1037/0278-7393.31.4.600},
  publisher={American Psychological Association}
}

@article{nilsson2008exemplars,
  title={Exemplars in the mist: The cognitive substrate of the representativeness heuristic},
  author={Nilsson, H{\aa}kan and Juslin, Peter and Olsson, Henrik},
  journal={Scandinavian Journal of Psychology},
  volume={49},
  number={3},
  pages={201--212},
  year={2008},
  DOI={10.1111/j.1467-9450.2008.00646.x},
  publisher={Wiley Online Library}
}

@article{nosofsky1984choice,
  title={Choice, similarity, and the context theory of classification.},
  author={Nosofsky, Robert M},
  journal={Journal of Experimental Psychology: Learning, memory, and cognition},
  volume={10},
  number={1},
  pages={104--114},
  year={1984},
  DOI={10.1037/0278-7393.10.1.104},
  publisher={American Psychological Association}
}

@article{nosofsky1985luce,
  title={Luce’s choice model and Thurstone’s categorical judgment model compared: {K}ornbrot’s data revisited},
  author={Nosofsky, Robert M},
  journal={Attention, Perception, \& Psychophysics},
  volume={37},
  number={1},
  pages={89--91},
  year={1985},
  publisher={Springer},
  DOI={10.3758/BF03207144}
}

@article{nosofsky1986attention,
  title={Attention, similarity, and the identification--categorization relationship.},
  author={Nosofsky, Robert M},
  journal={Journal of experimental psychology: General},
  volume={115},
  number={1},
  pages={39--57},
  year={1986},
  DOI={10.1037/0096-3445.115.1.39},
  publisher={American Psychological Association}
}

@article{nosofsky1987attention,
  title={Attention and learning processes in the identification and categorization of integral stimuli.},
  author={Nosofsky, Robert M},
  journal={Journal of Experimental Psychology: Learning, Memory, and Cognition},
  volume={13},
  number={1},
  pages={87--108},
  year={1987},
  DOI={10.1037/0278-7393.13.1.87},
  publisher={US: American Psychological Association}
}

@article{nosofsky1988similarity,
  title={Similarity, frequency, and category representations.},
  author={Nosofsky, Robert M},
  journal={Journal of Experimental Psychology: Learning, Memory, and Cognition},
  volume={14},
  number={1},
  pages={54--65},
  year={1988},
  DOI={10.1037/0278-7393.14.1.54},
  publisher={American Psychological Association}
}

@article{nosofsky1989further,
  title={Further tests of an exemplar-similarity approach to relating identification and categorization},
  author={Nosofsky, Robert M},
  journal={Perception \& Psychophysics},
  volume={45},
  number={4},
  pages={279--290},
  year={1989},
  DOI={10.3758/BF03204942},
  publisher={Springer}
}

@inbook{nosofsky1992exemplars,
  title={Exemplars, prototypes, and similarity rules},
  author={Nosofsky, Robert M},
  booktitle={From learning theory to connectionist theory: Essays in honor of {W}illiam {K}. {E}stes},
  volume={1},
  pages={149--167},
  year={1992},
  editor={Healy, A. F. and Kosslyn, S. M. and Shiffrin, R. M.},
  publisher={Hillsdale, NJ: Erlbaum}
}

@article{nosofsky1994rule,
  title={Rule-plus-exception model of classification learning.},
  author={Nosofsky, Robert M and Palmeri, Thomas J and McKinley, Stephen C},
  journal={Psychological review},
  volume={101},
  number={1},
  pages={53--79},
  year={1994},
  publisher={American Psychological Association},
  DOI={10.1037/0033-295X.101.1.53}
}

@article{nosofsky1997exemplar,
  title={An exemplar-based random walk model of speeded classification.},
  author={Nosofsky, Robert M and Palmeri, Thomas J},
  journal={Psychological review},
  volume={104},
  number={2},
  pages={266--300},
  year={1997},
  publisher={American Psychological Association},
  DOI={10.1037/0033-295X.104.2.266}
}

@article{nosofsky1999effects,
  title={Effects of similarity and practice on speeded classification response times and accuracies: Further tests of an exemplar-retrieval model},
  author={Nosofsky, Robert M and Alfonso-Reese, Leola A},
  journal={Memory \& Cognition},
  volume={27},
  number={1},
  pages={78--93},
  year={1999},
  publisher={Springer},
  DOI={10.3758/BF03201215}
}

@article{nosofsky2002exemplar,
  title={Exemplar and prototype models revisited: Response strategies, selective attention, and stimulus generalization.},
  author={Nosofsky, Robert M and Zaki, Safa R},
  journal={Journal of Experimental Psychology: Learning, Memory, and Cognition},
  volume={28},
  number={5},
  pages={924--940},
  year={2002},
  DOI={10.1037//0278-7393.28.5.924},
  publisher={US: American Psychological Association}
}

@article{nosofsky2005speeded,
  title={Speeded classification in a probabilistic category structure: contrasting exemplar-retrieval, decision-boundary, and prototype models.},
  author={Nosofsky, Robert M and Stanton, Roger D},
  journal={Journal of Experimental Psychology: Human Perception and Performance},
  volume={31},
  number={3},
  pages={608--629},
  year={2005},
  publisher={American Psychological Association},
  DOI={10.1037/0096-1523.31.3.608}
}
@incollection{nosofsky2011generalized,
  title={The generalized context model: An exemplar model of classification},
  author={Nosofsky, Robert M},
  booktitle={Formal approaches in categorization},
  pages={18--39},
  year={2011},
  publisher={Cambridge University Press Cambridge, UK},
  editors={Pothos, Emmanuel M and Wills, Andy J}
}

% O

@article{olander2014informing,
  title={Informing versus nudging in environmental policy},
  author={{\"O}lander, Folke and Th{\o}gersen, John},
  journal={Journal of Consumer Policy},
  volume={37},
  number={3},
  pages={341--356},
  year={2014},
  DOI={10.1007/s10603-014-9256-2},
  publisher={Springer}
}

@article{olschewski2018taxing,
  title={Taxing cognitive capacities reduces choice consistency rather than preference: A model-based test.},
  author={Olschewski, Sebastian and Rieskamp, J{\"o}rg and Scheibehenne, Benjamin},
  journal={Journal of Experimental Psychology: General},
  volume={147},
  number={4},
  pages={462--484},
  year={2018},
  publisher={American Psychological Association},
  DOI={10.1037/xge0000403}
}

@article{olsen2007eye,
  title={Eye movement patterns for novice teen drivers: does 6 months of driving experience make a difference?},
  author={Olsen, Erik CB and Lee, Suzanne E and Simons-Morton, Bruce G},
  journal={Transportation research record},
  volume={2009},
  number={1},
  pages={8--14},
  year={2007},
  publisher={SAGE Publications Sage CA: Los Angeles, CA},
  DOI={10.3141/2009-02}
}

@article{ouimet2010using,
  title={Using the {US} National Household Travel Survey to estimate the impact of passenger characteristics on young drivers’ relative risk of fatal crash involvement},
  author={Ouimet, Marie Claude and Simons-Morton, Bruce G and Zador, Paul L and Lerner, Neil D and Freedman, Mark and Duncan, Glen D and Wang, Jing},
  journal={Accident Analysis \& Prevention},
  volume={42},
  number={2},
  pages={689--694},
  year={2010},
  publisher={Elsevier},
  DOI={10.1016/j.aap.2009.10.017}
}

@article{ouimet2013effect,
  title={The effect of male teenage passengers on male teenage drivers: Findings from a driving simulator study},
  author={Ouimet, Marie Claude and Pradhan, Anuj K and Simons-Morton, Bruce G and Divekar, Gautam and Mehranian, Hasmik and Fisher, Donald L},
  journal={Accident Analysis \& Prevention},
  volume={58},
  pages={132--139},
  year={2013},
  publisher={Elsevier},
  DOI={10.1016/j.aap.2013.04.024}
}

@article{ouimet2014higher,
  title={Higher crash and near-crash rates in teenaged drivers with lower cortisol response: an 18-month longitudinal, naturalistic study},
  author={Ouimet, Marie Claude and Brown, Thomas G and Guo, Feng and Klauer, Sheila G and Simons-Morton, Bruce G and Fang, Youjia and Lee, Suzanne E and Gianoulakis, Christina and Dingus, Thomas A},
  journal={JAMA pediatrics},
  volume={168},
  number={6},
  pages={517--522},
  year={2014},
  publisher={American Medical Association},
  DOI={10.1001/jamapediatrics.2013.5387}
}

@article{ouyang2016practical,
  title={Practical optimal experiment design with probabilistic programs},
  author={Ouyang, Long and Tessler, Michael Henry and Ly, Daniel and Goodman, Noah},
  journal={arXiv preprint arXiv:1608.05046},
  year={2016}
}

% P

@article{peek2014steering,
  title={Steering teens safe: a randomized trial of a parent-based intervention to improve safe teen driving},
  author={Peek-Asa, Corinne and Cavanaugh, Joseph E and Yang, Jingzhen and Chande, Vidya and Young, Tracy and Ramirez, Marizen},
  journal={BMC public health},
  volume={14},
  number={1},
  year={2014},
  publisher={BioMed Central},
  DOI={10.1186/1471-2458-14-777}
}

@article{pitt2003flexibility,
  title={Flexibility versus generalizability in model selection},
  author={Pitt, Mark A and Kim, Woojae and Myung, In Jae},
  journal={Psychonomic Bulletin \& Review},
  volume={10},
  number={1},
  pages={29--44},
  year={2003},
  publisher={Springer}
}

@article{plumert2014linking,
  title={Linking decisions and actions in dynamic environments: how child and adult cyclists cross roads with traffic},
  author={Plumert, Jodie M and Kearney, Joseph K},
  journal={Ecological psychology},
  volume={26},
  number={1-2},
  pages={125--133},
  year={2014},
  publisher={Taylor \& Francis},
  DOI={10.1080/10407413.2014.874933}
}

@article{pope2017mechanisms,
  title={Mechanisms behind distracted driving behavior: The role of age and executive function in the engagement of distracted driving},
  author={Pope, Caitlin Northcutt and Bell, Tyler Reed and Stavrinos, Despina},
  journal={Accident Analysis \& Prevention},
  volume={98},
  pages={123--129},
  year={2017},
  publisher={Elsevier},
  DOI={10.1016/j.aap.2016.09.030}
}

@article{posner1968genesis,
  title={On the genesis of abstract ideas.},
  author={Posner, Michael I and Keele, Steven W},
  journal={Journal of experimental psychology},
  volume={77},
  number={3p1},
  pages={353--363},
  year={1968},
  publisher={American Psychological Association},
  DOI={10.1037/h0025953}
}

@article{poysti2005factors,
  title={Factors influencing the use of cellular (mobile) phone during driving and hazards while using it},
  author={P{\"o}ysti, Leena and Rajalin, Sirpa and Summala, Heikki},
  journal={Accident Analysis \& Prevention},
  volume={37},
  number={1},
  pages={47--51},
  year={2005},
  publisher={Elsevier},
  DOI={10.1016/j.aap.2004.06.003}
}

@article{pradhan2005using,
  title={Using eye movements to evaluate effects of driver age on risk perception in a driving simulator},
  author={Pradhan, Anuj Kumar and Hammel, Kim R and DeRamus, Rosa and Pollatsek, Alexander and Noyce, David A and Fisher, Donald L},
  journal={Human factors},
  volume={47},
  number={4},
  pages={840--852},
  year={2005},
  publisher={Sage Publications Sage CA: Los Angeles, CA},
  DOI={10.1518/001872005775570961}
}

@article{pradhan2014peer,
  title={Peer passenger influences on male adolescent drivers' visual scanning behavior during simulated driving},
  author={Pradhan, Anuj K and Li, Kaigang and Bingham, C Raymond and Simons-Morton, Bruce G and Ouimet, Marie Claude and Shope, Jean T},
  journal={Journal of Adolescent Health},
  volume={54},
  number={5},
  pages={S42--S49},
  year={2014},
  publisher={Elsevier},
  DOI={10.1016/j.jadohealth.2014.01.004}
}

% Q

% R

@inproceedings{raffert2012optimally,
  title={Optimally designing games for cognitive science research},
  author={Raffert, Anna and Zaharia, Matei and Griffiths, Thomas},
  booktitle={Proceedings of the Annual Meeting of the Cognitive Science Society},
  volume={34},
  number={34},
  year={2012}
}

@article{ramirez2013implementation,
  title={Implementation evaluation of steering teens safe: engaging parents to deliver a new parent-based teen driving intervention to their teens},
  author={Ramirez, Marizen and Yang, Jingzhen and Young, Tracy and Roth, Lisa and Garinger, Anne and Snetselaar, Linda and Peek-Asa, Corinne},
  journal={Health Education \& Behavior},
  volume={40},
  number={4},
  pages={426--434},
  year={2013},
  publisher={Sage Publications Sage CA: Los Angeles, CA},
  DOI={10.1177/1090198112459517}
}

@article{redelmeier1997association,
  title={Association between cellular-telephone calls and motor vehicle collisions},
  author={Redelmeier, Donald A and Tibshirani, Robert J},
  journal={New England Journal of Medicine},
  volume={336},
  number={7},
  pages={453--458},
  year={1997},
  publisher={Mass Medical Soc},
  DOI={10.1056/NEJM199702133360701}
}

@article{reed1972pattern,
  title={Pattern recognition and categorization},
  author={Reed, Stephen K},
  journal={Cognitive psychology},
  volume={3},
  number={3},
  pages={382--407},
  year={1972},
  DOI={10.1016/0010-0285(72)90014-X},
  publisher={Elsevier}
}

@article{reed2008testing,
  title={Testing assumptions implicit in the use of the 15-second rule as an early predictor of whether an in-vehicle device produces unacceptable levels of distraction},
  author={Reed-Jones, James and Trick, Lana M and Matthews, Michael},
  journal={Accident Analysis \& Prevention},
  volume={40},
  number={2},
  pages={628--634},
  year={2008},
  publisher={Elsevier},
  DOI={10.1016/j.aap.2007.08.018}
}

@article{regan2011driver,
  title={Driver distraction and driver inattention: Definition, relationship and taxonomy},
  author={Regan, Michael A and Hallett, Charlene and Gordon, Craig P},
  journal={Accident Analysis \& Prevention},
  volume={43},
  number={5},
  pages={1771--1781},
  year={2011},
  publisher={Elsevier},
  DOI={10.1016/j.aap.2011.04.008}
}

@article{restle1959metric,
  title={A metric and an ordering on sets},
  author={Restle, Frank},
  journal={Psychometrika},
  volume={24},
  number={3},
  pages={207--220},
  year={1959},
  publisher={Springer},
  DOI={10.1007/BF02289843}
}

@article{restle1962selection,
  title={The selection of strategies in cue learning.},
  author={Restle, Frank},
  journal={Psychological Review},
  volume={69},
  number={4},
  pages={329--343},
  year={1962},
  publisher={American Psychological Association},
  DOI={10.1037/h0044672}
}

@article{romer2007biosocial,
  title={A biosocial-affect model of adolescent sensation seeking: The role of affect evaluation and peer-group influence in adolescent drug use},
  author={Romer, Daniel and Hennessy, Michael},
  journal={Prevention Science},
  volume={8},
  number={2},
  pages={89--101},
  year={2007},
  publisher={Springer},
  DOI={10.1007/s11121-007-0064-7}
}

@article{romer2010adolescent,
  title={Adolescent risk taking, impulsivity, and brain development: Implications for prevention},
  author={Romer, Daniel},
  journal={Developmental Psychobiology: The Journal of the International Society for Developmental Psychobiology},
  volume={52},
  number={3},
  pages={263--276},
  year={2010},
  publisher={Wiley Online Library},
  DOI={10.1002/dev.20442}
}

@article{romer2014adolescence,
  title={Adolescence, attention allocation, and driving safety},
  author={Romer, Daniel and Lee, Yi-Ching and McDonald, Catherine C and Winston, Flaura K},
  journal={Journal of Adolescent Health},
  volume={54},
  number={5},
  pages={S6--S15},
  year={2014},
  publisher={Elsevier},
  DOI={10.1016/j.jadohealth.2013.10.202}
}

@inbook{rosch1978cognition,
  title={Principles of categorization},
  booktitle={Cognition and categorization},
  author={Rosch, Eleanor},
  editor={Rosch, Eleanor and Lloyd, Barbara Bloom},
  year={1978},
  publisher={Lawrence Erlbaum Associates Hillsdale, NJ}
}

@article{rosseel2002mixture,
  title={Mixture models of categorization},
  author={Rosseel, Yves},
  journal={Journal of Mathematical Psychology},
  volume={46},
  number={2},
  pages={178--210},
  year={2002},
  DOI={10.1006/jmps.2001.1379},
  publisher={New York, Academic Press.}
}

@article{rouder2006comparing,
  title={Comparing exemplar-and rule-based theories of categorization},
  author={Rouder, Jeffrey N and Ratcliff, Roger},
  journal={Current Directions in Psychological Science},
  volume={15},
  number={1},
  pages={9--13},
  year={2006},
  publisher={SAGE Publications Sage CA: Los Angeles, CA},
  DOI={10.1111/j.0963-7214.2006.00397.x}
}

% S

@article{schechtman2002odds,
  title={Odds ratio, relative risk, absolute risk reduction, and the number needed to treat—which of these should we use?},
  author={Schechtman, Edna},
  journal={Value in health},
  volume={5},
  number={5},
  pages={431--436},
  year={2002},
  publisher={Wiley Online Library},
  DOI={10.1046/J.1524-4733.2002.55150.x}
}

@book{scholkopf2002learning,
  title={Learning with kernels: support vector machines, regularization, optimization, and beyond},
  author={Sch{\"o}lkopf, Bernhard and Smola, Alexander J},
  year={2002},
  publisher={Cambridge, MA: MIT press},
  DOI={10.7551/mitpress/4175.001.0001}
}

@article{schulz2014affect,
  title={Affect and fairness: Dictator games under cognitive load},
  author={Schulz, Jonathan F and Fischbacher, Urs and Th{\"o}ni, Christian and Utikal, Verena},
  journal={Journal of Economic Psychology},
  volume={41},
  pages={77--87},
  year={2014},
  publisher={Elsevier},
  DOI={10.1016/j.joep.2012.08.007}
}

@article{shaughnessy1977misconceptions,
  title={Misconceptions of probability: An experiment with a small-group, activity-based, model building approach to introductory probability at the college level},
  author={Shaughnessy, J Michael},
  journal={Educational Studies in Mathematics},
  volume={8},
  number={3},
  pages={295--316},
  year={1977},
  DOI={10.1007/BF00385927},
  publisher={Springer}
}

@article{shepard1957stimulus,
  title={Stimulus and response generalization: {A} stochastic model relating generalization to distance in psychological space},
  author={Shepard, Roger N},
  journal={Psychometrika},
  volume={22},
  number={4},
  pages={325--345},
  year={1957},
  publisher={Springer},
  DOI={10.1007/BF02288967}
}

@article{shepard1961learning,
  title={Learning and memorization of classifications.},
  author={Shepard, Roger N and Hovland, Carl I and Jenkins, Herbert M},
  journal={Psychological monographs: General and applied},
  volume={75},
  number={13},
  pages={1--42},
  year={1961},
  DOI={10.1037/h0093825},
  publisher={American Psychological Association}
}

@article{shepard1964attention,
  title={Attention and the metric structure of the stimulus space},
  author={Shepard, Roger N},
  journal={Journal of mathematical psychology},
  volume={1},
  number={1},
  pages={54--87},
  year={1964},
  publisher={Elsevier}
}

@article{shepard1986discrimination,
  title={Discrimination and generalization in identification and classification: Comment on {N}osofsky.},
  author={Shepard, Roger N},
  year={1986},
  journal={Journal of Experimental Psychology: General},
  volume={115},
  number={1},
  pages={58--61},
  DOI={10.1037/0096-3445.115.1.58},
  publisher={American Psychological Association}
}

@article{shepard1987toward,
  title={Toward a universal law of generalization for psychological science},
  author={Shepard, Roger N},
  journal={Science},
  volume={237},
  number={4820},
  pages={1317--1323},
  year={1987},
  publisher={American Association for the Advancement of Science},
  DOI={10.1126/science.3629243}
}

@article{shin1992similarity,
  title={Similarity-scaling studies of dot-pattern classification and recognition.},
  author={Shin, Hyun Jung and Nosofsky, Robert M},
  journal={Journal of Experimental Psychology: General},
  volume={121},
  number={3},
  pages={278},
  year={1992},
  publisher={American Psychological Association}
}

@book{shinar2017traffic,
  title={Traffic safety and human behavior},
  author={Shinar, David},
  year={2017},
  publisher={Emerald Publishing Limited}
}

@article{shope2008teen,
  title={Teen driving: motor-vehicle crashes and factors that contribute},
  author={Shope, Jean T and Bingham, C Raymond},
  journal={American journal of preventive medicine},
  volume={35},
  number={3},
  pages={S261--S271},
  year={2008},
  publisher={Elsevier},
  DOI={10.1016/j.amepre.2008.06.022}
}

@article{simmons2016safety,
  title={Safety-critical event risk associated with cell phone tasks as measured in naturalistic driving studies: A systematic review and meta-analysis},
  author={Simmons, Sarah M and Hicks, Anne and Caird, Jeff K},
  journal={Accident Analysis \& Prevention},
  volume={87},
  pages={161--169},
  year={2016},
  publisher={Elsevier},
  DOI={10.1016/j.aap.2015.11.015}
}

@article{simon1972theories,
  title={Theories of bounded rationality},
  author={Simon, Herbert A},
  journal={Decision and organization},
  volume={1},
  number={1},
  pages={161--176},
  year={1972},
  publisher={North-Holland}
}

@article{simon1955behavioral,
  title={A behavioral model of rational choice},
  author={Simon, Herbert A},
  journal={The quarterly journal of economics},
  volume={69},
  number={1},
  pages={99--118},
  year={1955},
  DOI={10.2307/1884852},
  publisher={MIT Press}
}

@article{simon1956rational,
  title={Rational choice and the structure of the environment.},
  author={Simon, Herbert A},
  journal={Psychological review},
  volume={63},
  number={2},
  pages={129--138},
  year={1956},
  DOI={10.1037/h0042769},
  publisher={American Psychological Association}
}

@book{simon1957models,
  title={Models of Man Social and Rational, Mathematical Essays on Rational Human Behavior in a Social Setting.},
  author={Simon, Herbert Alexander},
  year={1957},
  publisher={J. Wiley and Sons}
}

@book{simon1997models,
  title={Models of bounded rationality: Empirically grounded economic reason},
  author={Simon, Herbert Alexander},
  volume={3},
  year={1997},
  publisher={MIT press}
}

@article{simons2005observed,
  title={The observed effects of teenage passengers on the risky driving behavior of teenage drivers},
  author={Simons-Morton, Bruce G and Lerner, Neil and Singer, Jeremiah},
  journal={Accident Analysis \& Prevention},
  volume={37},
  number={6},
  pages={973--982},
  year={2005},
  publisher={Elsevier},
  DOI={10.1016/j.aap.2005.04.014}
}

@article{simons2005persistence,
  title={Persistence of effects of the Checkpoints program on parental restrictions of teen driving privileges},
  author={Simons-Morton, Bruce G and Hartos, Jessica L and Leaf, William A and Preusser, David F},
  journal={American Journal of Public Health},
  volume={95},
  number={3},
  pages={447--452},
  year={2005},
  publisher={American Public Health Association},
  DOI={10.2105/AJPH.2003.023127}
}

@article{simons2006effect,
  title={The effect on teen driving outcomes of the Checkpoints Program in a state-wide trial},
  author={Simons-Morton, Bruce G and Hartos, Jessica L and Leaf, William A and Preusser, David F},
  journal={Accident Analysis \& Prevention},
  volume={38},
  number={5},
  pages={907--912},
  year={2006},
  publisher={Elsevier},
  DOI={10.1016/j.aap.2006.03.001}
}

@article{simons2008parenting,
  title={Parenting and the young driver problem},
  author={Simons-Morton, Bruce G and Ouimet, Marie Claude and Catalano, Richard F},
  journal={American journal of preventive medicine},
  volume={35},
  number={3},
  pages={S294--S303},
  year={2008},
  publisher={Elsevier},
  DOI={10.1016/j.amepre.2008.06.018}
}

@article{simons2011crash,
  title={Crash and risky driving involvement among novice adolescent drivers and their parents},
  author={Simons-Morton, Bruce G and Ouimet, Marie Claude and Zhang, Zhiwei and Klauer, Sheila E and Lee, Suzanne E and Wang, Jing and Albert, Paul S and Dingus, Thomas A},
  journal={American journal of public health},
  volume={101},
  number={12},
  pages={2362--2367},
  year={2011},
  publisher={American Public Health Association},
  DOI={10.2105/AJPH.2011.300248}
}

@article{simons2012peer,
  title={Peer influence predicts speeding prevalence among teenage drivers},
  author={Simons-Morton, Bruce G and Ouimet, Marie Claude and Chen, Rusan and Klauer, Sheila G and Lee, Suzanne E and Wang, Jing and Dingus, Thomas A},
  journal={Journal of safety research},
  volume={43},
  number={5-6},
  pages={397--403},
  year={2012},
  publisher={Elsevier},
  DOI={10.1016/j.jsr.2012.10.002}
}

@article{simons2013effect,
  title={The effect on teenage risky driving of feedback from a safety monitoring system: A randomized controlled trial},
  author={Simons-Morton, Bruce G and Bingham, C Raymond and Ouimet, Marie Claude and Pradhan, Anuj K and Chen, Rusan and Barretto, Andrea and Shope, Jean T},
  journal={Journal of Adolescent Health},
  volume={53},
  number={1},
  pages={21--26},
  year={2013},
  publisher={Elsevier},
  DOI={10.1016/j.jadohealth.2012.11.008}
}

@article{simons2014keep,
  title={Keep your eyes on the road: Young driver crash risk increases according to duration of distraction},
  author={Simons-Morton, Bruce G and Guo, Feng and Klauer, Sheila G and Ehsani, Johnathon P and Pradhan, Anuj K},
  journal={Journal of Adolescent Health},
  volume={54},
  number={5},
  pages={S61--S67},
  year={2014},
  publisher={Elsevier},
  DOI={10.1016/j.jadohealth.2013.11.021}
}

@article{simons2015naturalistic,
  title={Naturalistic teenage driving study: findings and lessons learned},
  author={Simons-Morton, Bruce G and Klauer, Sheila G and Ouimet, Marie Claude and Guo, Feng and Albert, Paul S and Lee, Suzanne E and Ehsani, Johnathon P and Pradhan, Anuj K and Dingus, Thomas A},
  journal={Journal of safety research},
  volume={54},
  pages={41.e29--41.e44},
  year={2015},
  publisher={Elsevier},
  DOI={10.1016/j.jsr.2015.06.010}
}

@incollection{singmann2017introduction,
  title={An introduction to mixed models for experimental psychology},
  author={Singmann, Henrik and Kellen, David},
  booktitle={New Methods in Neuroscience and Cognitive Psychology},
  year={2017},
  editor={Spieler, Daniel H and Schumacher, Eric},
  publisher={Psychology Press Hove}
}

@article{smith1997straight,
  title={Straight talk about linear separability.},
  author={Smith, David J and Murray Jr, Morgan J and Minda, John Paul},
  journal={Journal of Experimental Psychology: Learning, Memory, and Cognition},
  volume={23},
  number={3},
  pages={659--680},
  year={1997},
  DOI={10.1037/0278-7393.23.3.659},
  publisher={American Psychological Association}
}

@article{smith1998prototypes,
  title={Prototypes in the mist: The early epochs of category learning.},
  author={Smith, David J and Minda, John Paul},
  journal={Journal of Experimental Psychology: Learning, Memory, and Cognition},
  volume={24},
  number={6},
  pages={1411--1436},
  year={1998},
  DOI={10.1037/0278-7393.24.6.1411},
  publisher={American Psychological Association}
}

@article{smith2000thirty,
  title={Thirty categorization results in search of a model.},
  author={Smith, David J and Minda, John Paul},
  journal={Journal of Experimental Psychology: Learning, Memory, and Cognition},
  volume={26},
  number={1},
  pages={3--27},
  year={2000},
  DOI={10.1037/0278-7393.26.1.3},
  publisher={American Psychological Association}
}

@article{somerville2013teenage,
  title={The teenage brain: Sensitivity to social evaluation},
  author={Somerville, Leah H},
  journal={Current directions in psychological science},
  volume={22},
  number={2},
  pages={121--127},
  year={2013},
  publisher={Sage Publications Sage CA: Los Angeles, CA},
  DOI={10.1177/0963721413476512}
}

@article{stavrinos2018distracted,
  title={Distracted walking, bicycling, and driving: Systematic review and meta-analysis of mobile technology and youth crash risk},
  author={Stavrinos, Despina and Pope, Caitlin N and Shen, Jiabin and Schwebel, David C},
  journal={Child development},
  volume={89},
  number={1},
  pages={118--128},
  year={2018},
  publisher={Wiley Online Library},
  DOI={10.1111/cdev.12827}
}

@article{steinberg2001adolescent,
  title={Adolescent development},
  author={Steinberg, Laurence and Morris, Amanda Sheffield},
  journal={Annual review of psychology},
  volume={52},
  number={1},
  pages={83--110},
  year={2001},
  publisher={Annual Reviews 4139 El Camino Way, PO Box 10139, Palo Alto, CA 94303-0139, USA},
  DOI={10.1146/annurev.psych.52.1.83}
}

@article{steinberg2008social,
  title={A social neuroscience perspective on adolescent risk-taking},
  author={Steinberg, Laurence},
  journal={Developmental review},
  volume={28},
  number={1},
  pages={78--106},
  year={2008},
  publisher={Elsevier}
}

@article{strayer2003cell,
  title={Cell phone-induced failures of visual attention during simulated driving.},
  author={Strayer, David L and Drews, Frank A and Johnston, William A},
  journal={Journal of experimental psychology: Applied},
  volume={9},
  number={1},
  pages={23--32},
  year={2003},
  publisher={American Psychological Association},
  DOI={10.1037/1076-898X.9.1.23}
}

@article{sullman2012observational,
  title={An observational study of driver distraction in England},
  author={Sullman, Mark JM},
  journal={Transportation research part F: traffic psychology and behaviour},
  volume={15},
  number={3},
  pages={272--278},
  year={2012},
  publisher={Elsevier},
  DOI={10.1016/j.trf.2012.01.001}
}

% T

@misc{thaler2008nudge,
  title={Nudge: Improving decisions about health, wealth, and happiness},
  author={Thaler, Richard H and Sunstein, Cass R},
  year={2008},
  publisher={Yale University Press}
}

@book{thompson2001mind,
  title={The mind and heart of the negotiator},
  author={Thompson, Leigh L and Thompson, Leigh L},
  volume={3},
  year={2001},
  publisher={Prentice Hall Upper Saddle River, NJ}
}

@article{todd2007environments,
  title={Environments that make us smart: Ecological rationality},
  author={Todd, Peter M and Gigerenzer, Gerd},
  journal={Current directions in psychological science},
  volume={16},
  number={3},
  pages={167--171},
  year={2007},
  publisher={SAGE Publications Sage CA: Los Angeles, CA},
  DOI={10.1111/j.1467-8721.2007.00497.x}
}

@book{tom1968attention,
  title={Attention in learning: Theory and research},
  author={Tom.. Trabasso and Bower, Gordon H},
  year={1968},
  publisher={John Wiley and sons}
}

@article{tversky1971belief,
  title={Belief in the law of small numbers.},
  author={Tversky, Amos and Kahneman, Daniel},
  journal={Psychological bulletin},
  volume={76},
  number={2},
  pages={105--110},
  year={1971},
  DOI={10.1037/h0031322},
  publisher={American Psychological Association}
}

@article{tversky1973availability,
  title={Availability: A heuristic for judging frequency and probability},
  author={Tversky, Amos and Kahneman, Daniel},
  journal={Cognitive psychology},
  volume={5},
  number={2},
  pages={207--232},
  year={1973},
  DOI={10.1016/0010-0285(73)90033-9},
  publisher={Elsevier}
}

@article{tversky1974judgment,
  title={Judgment under uncertainty: Heuristics and biases},
  author={Tversky, Amos and Kahneman, Daniel},
  journal={science},
  volume={185},
  number={4157},
  pages={1124--1131},
  year={1974},
  DOI={10.1126/science.185.4157.1124},
  publisher={American association for the advancement of science}
}

@incollection{tversky1981evidential,
  title={Evidential impact of base rates},
  author={Tversky, Amos and Kahneman, Daniel},
  year={1982},
  booktitle={Judgment under uncertainty: Heuristics and biases},
  editor={Kahneman, Daniel and Slovic, P. and Tversky, Amos},
  pages={153-160},
  publisher={Cambridge University Press}
}

@inbook{tversky1981judgments,
  title={Judgments of and by representativeness},
  author={Tversky, Amos and Kahneman, Daniel},
  booktitle={Judgment under Uncertainty: Heuristics and Biases},
  editor={Kahneman, Daniel and Slovic, P. and Tversky, Amos},
  pages={84--98},
  year={1982},
  institution={Cambridge University Press}
}

@article{tversky1982similarity,
  title={Similarity, separability, and the triangle inequality.},
  author={Tversky, Amos and Gati, Itamar},
  journal={Psychological review},
  volume={89},
  number={2},
  pages={123--154},
  year={1982},
  DOI={10.1037/0033-295X.89.2.123},
  publisher={American Psychological Association}
}

@article{tversky1983extensional,
  title={Extensional versus intuitive reasoning: The conjunction fallacy in probability judgment.},
  author={Tversky, Amos and Kahneman, Daniel},
  journal={Psychological review},
  volume={90},
  number={4},
  pages={293--315},
  year={1983},
  DOI={10.1037/0033-295X.90.4.293},
  publisher={American Psychological Association}
}

@article{twisk2007trends,
  title={Trends in young driver risk and countermeasures in European countries},
  author={Twisk, Divera AM and Stacey, Colin},
  journal={Journal of safety research},
  volume={38},
  number={2},
  pages={245--257},
  year={2007},
  publisher={Elsevier},
  doi={10.1016/j.jsr.2007.03.006}
}

% U

% V

@incollection{victor200810,
  title={Distraction Assessment Methods Based on Visual Behavior and Event Detection},
  booktitle={Driver Distraction: Theory, Effects, and Mitigation},
  author={Victor, Trent W and Engstr{\"o}m, Johan and Harbluk, Joanne L},
  editor={Regan, Michael A and Lee, John D and Young, Kristie},
  year={2008},
  publisher={CRC Press Boca Raton, FL},
  chapter=10
}

@article{vranas2000gigerenzer,
  title={Gigerenzer's normative critique of {K}ahneman and {T}versky},
  author={Vranas, Peter BM},
  journal={Cognition},
  volume={76},
  number={3},
  pages={179--193},
  year={2000},
  DOI={10.1016/S0010-0277(99)00084-0},
  publisher={Elsevier}
}

% W

@article{wagenmakers2004aic,
  title={AIC model selection using Akaike weights},
  author={Wagenmakers, Eric-Jan and Farrell, Simon},
  journal={Psychonomic bulletin \& review},
  volume={11},
  number={1},
  pages={192--196},
  year={2004},
  publisher={Springer},
  DOI={10.3758/BF03206482}
}

@article{wang2017examining,
  title={Examining drivers' eye glance patterns during distracted driving: Insights from scanning randomness and glance transition matrix},
  author={Wang, Yuan and Bao, Shan and Du, Wenjun and Ye, Zhirui and Sayer, James R},
  journal={Journal of safety research},
  volume={63},
  pages={149--155},
  year={2017},
  publisher={Elsevier},
  DOI={10.1016/j.jsr.2017.10.006}
}

@article{wikman1998driving,
  title={Driving experience and time-sharing during in-car tasks on roads of different width},
  author={Wikman, Anna-Stina and Nieminen, Tapio and Summala, Heikki},
  journal={Ergonomics},
  volume={41},
  number={3},
  pages={358--372},
  year={1998},
  publisher={Taylor \& Francis},
  DOI={10.1080/001401398187080}
}

@article{williams1985nighttime,
  title={Nighttime driving and fatal crash involvement of teenagers.},
  author={Williams, Allan F},
  journal={Accident Analysis and Prevention},
  year={1985},
  publisher={Elsevier Science},
  pages={1--5},
  DOI={10.1016/0001-4575(85)90002-8}
}

@article{williams2003teenage,
  title={Teenage drivers: patterns of risk},
  author={Williams, Allan F},
  journal={Journal of safety research},
  volume={34},
  number={1},
  pages={5--15},
  year={2003},
  publisher={Elsevier},
  DOI={10.1016/S0022-4375(02)00075-0}
}

@article{williams2007passenger,
  title={Passenger effects on teenage driving and opportunities for reducing the risks of such travel},
  author={Williams, Allan F and Ferguson, Susan A and McCartt, Anne T},
  journal={Journal of safety Research},
  volume={38},
  number={4},
  pages={381--390},
  year={2007},
  publisher={Elsevier},
  DOI={10.1016/j.jsr.2007.03.009}
}

@article{wills2013models,
  title={Models of categorization},
  author={Wills, Andy J},
  journal={Oxford handbook of cognitive psychology},
  pages={346--357},
  year={2013},
  publisher={Oxford University Press Oxford}
}

% X

% Y

% Z

@article{zaki2003prototype,
  title={Prototype and exemplar accounts of category learning and attentional allocation: a reassessment.},
  author={Zaki, Safa R and Nosofsky, Robert M and Stanton, Roger D and Cohen, Andrew L},
  year={2003},
  publisher={American Psychological Association}
}

@article{zaki2007high,
  title={A high-distortion enhancement effect in the prototype-learning paradigm: Dramatic effects of category learning during test},
  author={Zaki, Safa R and Nosofsky, Robert M},
  journal={Memory \& Cognition},
  volume={35},
  number={8},
  pages={2088--2096},
  year={2007},
  publisher={Springer}
}

@article{zakrajsek2013effectiveness,
  title={Effectiveness of a brief parent-directed teen driver safety intervention (Checkpoints) delivered by driver education instructors},
  author={Zakrajsek, Jennifer S and Shope, Jean T and Greenspan, Arlene I and Wang, Jing and Bingham, C Raymond and Simons-Morton, Bruce G},
  journal={Journal of Adolescent Health},
  volume={53},
  number={1},
  pages={27--33},
  year={2013},
  publisher={Elsevier},
  DOI={10.1016/j.jadohealth.2012.12.010}
}

@inproceedings{zhang2018examining,
  title={Examining the Effect of Social Influence on Young Drivers’ Behavior},
  author={Zhang, Fangda and Mehrotra, Shashank and Roberts, Shannon C},
  booktitle={Proceedings of the Human Factors and Ergonomics Society Annual Meeting},
  volume={62},
  number={1},
  pages={1394--1398},
  year={2018},
  organization={SAGE Publications Sage CA: Los Angeles, CA},
  DOI={10.1177/1541931218621318}
}

% Misc

@online{bureau2012statistical,
  title={Statistical abstract of the {U}nited {S}tates: 2012},
  author={{US Census Bureau}},
  journal={Commerce USDo, editor},
  year={2012},
  url={https://www.census.gov/library/publications/2011/compendia/statab/131ed.html},
  urldate={2019-07-30}
}

@online{fhwa2010nation,
  title={Our nation's highways: 2010},
  author={{FHWA Office of Highway Policy Information}},
  year=2010,
  url={https://www.fhwa.dot.gov/policyinformation/pubs/hf/pl10023/onh2010.pdf},
  urldate={2019-07-30}
}

@article{ghsa2010curbing,
  title={Curbing distracted driving: 2010 survey of state safety programs},
  author={{Governors Highway Safety Association}},
  year={2010},
  url={http://ghsa.madwolf.com/html/files/pubs/survey/2010_distraction.pdf},
  urldate={2019-07-30}
}

@online{aaa20152014,
  title={2014 traffic safety culture index},
  author={{AAA Foundation for Traffic Safety}},
  year={2015},
  url={https://aaafoundation.org/2014-traffic-safety-culture-index/}
  urldate={2019-07-30}
}

@article{nhtsa2015driver,
  title={Driver electronic device use in 2014. Report no. {DOT HS}-812-197},
  author={{National Highway Traffic Safety Administration}},
  year={2015},
  place={Washington, DC}
}

@online{nhtsa2019driver,
  title={Driver Electronic Device Use in 2017. Report no. {DOT HS}-812-665},
  author={{National Highway Traffic Safety Administration}},
  year=2019,
  url={https://crashstats.nhtsa.dot.gov/Api/Public/ViewPublication/812665},
  urldate={2019-07-29}
}

@online{nhtsa2019young,
  title={Young Drivers 2017 Data. Report no. {DOT HS}-812-753},
  author={{National Highway Traffic Safety Administration}},
  year=2019,
  url={https://crashstats.nhtsa.dot.gov/Api/Public/ViewPublication/812753},
  urldate={2019-07-30}
}

@online{nhtsa2019teen,
  title={Teen Distracted Driver Data. Report no. {DOT HS}-812-667},
  author={{National Highway Traffic Safety Administration}},
  year=2019,
  url={https://crashstats.nhtsa.dot.gov/Api/Public/ViewPublication/812667},
  urldate={2019-07-30}
}

@article{iifhs2016qa,
  title={Q\&{A}: Cellphones, texting and driving},
  author={{Insurance Institute for Highway Safety}},
  year={2016}
}

@online{iihs2019teenagers,
  title={Teenagers},
  author={{Insurance Institute for Highway Safety}},
  year=2019,
  url={https://www.iihs.org/topics/fatality-statistics/detail/teenagers},
  urldate={2019-07-29}
}